2917 4900
420 362 626 426 xcvi*
948 361 1075 421 DE
1138 361 1510 424 M-ETRIS
1573 362 2014 425 COMICIS.

449 541 649 603 matici
675 561 834 615 usus,
863 541 973 603 nisi
1016 562 1152 603 cum
1178 543 1238 603 in
1276 542 1396 605 fine
1441 561 1645 606 versus
1692 544 1909 626 dactyli
1952 545 2046 606 vel
2096 544 2301 610 cretici
2342 530 2541 606 locum

448 649 712 721 sustinet,
740 649 902 728 quod
946 649 1262 730 soepissime
1308 648 1392 711 fit.
1485 651 1643 717 Quin
1688 661 1751 710 et
1797 670 1834 711 e
1879 650 2079 711 metris
2119 669 2297 731 supra
2341 651 2544 731 positis

447 753 561 815 ista
585 753 646 815 in
666 756 875 836 quibus
898 775 1006 836 pes
1043 754 1330 837 posterior
1368 765 1461 817 est
1483 754 1772 835 dactylus,
1800 756 1895 816 vel
1929 755 2030 816 ubi
2055 756 2265 818 nimius
2289 756 2543 837 syllaba·

449 881 581 921 rum
628 862 891 923 brevium
940 882 1276 937 concursus,
1303 861 1485 922 rarius
1528 872 1901 942 usurpantur.
1931 862 2152 942 optima
2191 873 2398 924 contra
2442 863 2547 923 illa

448 978 605 1042 sunt,
630 968 692 1029 in
717 968 927 1049 quibus
954 969 1177 1050 primus
1208 987 1312 1048 pes
1337 967 1634 1028 trochaeus
1678 967 1771 1027 vel
1798 968 2058 1029 trochoeo
2102 987 2229 1049 par,
2273 958 2378 1031 vel¹
2404 986 2546 1029 ana-

447 1084 707 1159 pestum
746 1075 896 1136 alter
922 1094 1062 1136 vero
1080 1071 1176 1135 vel
1201 1073 1517 1155 spondeus,
1543 1072 1641 1133 vel
1661 1084 2013 1153 anapaestus.
2070 1069 2262 1135 Purus'
2276 1074 2432 1135 enim
2460 1074 2548 1134 di-

448 1182 745 1243 trochoeus
771 1193 864 1242 est
888 1181 1071 1241 levior
1091 1200 1365 1241 numerus
1395 1191 1458 1242 et
1477 1179 1741 1260 tripudiis
1756 1199 1930 1260 quam
1953 1179 2317 1240 sermonibus
2337 1180 2549 1261 aptior,

451 1285 706 1368 ideoque
751 1288 1050 1353 levitatem
1087 1288 1259 1350 istam
1295 1289 1680 1368 adjunctione
1721 1285 1988 1347 tardioris
2031 1286 2196 1364 pedis
2221 1296 2549 1365 temperare

453 1413 640 1455 mum
665 1406 778 1456 eat.

536 1500 652 1564 His
678 1500 755 1581 de
796 1501 996 1563 metris
1047 1501 1373 1583 praemissis,
1397 1504 1523 1580 Jam
1579 1500 1659 1561 ad
1703 1518 1905 1561 versus
1954 1498 2114 1579 ipsos
2157 1497 2552 1568 accedamus;
2666 1532 2674 1541 -

456 1626 603 1688 quos
631 1617 700 1667 ut
719 1607 966 1687 penitius
993 1607 1404 1688 intelligamus,
1449 1619 1590 1668 ante
1619 1606 1814 1667 omnia
1832 1605 1946 1665 hoc
1965 1602 2248 1684 principio
2274 1603 2431 1674 loco,
2460 1611 2552 1661 ut-

451 1724 595 1793 pote
621 1731 738 1792 quo
765 1722 889 1772 tota
906 1712 1036 1772 fere
1061 1728 1154 1773 res
1198 1712 1490 1784 innitatur,
1535 1700 1869 1793 ponendum
1907 1720 2020 1783 est,
2052 1728 2252 1769 versus
2298 1706 2555 1768 comicos

454 1823 855 1899 cujuscunque
899 1819 1129 1898 generis
1176 1832 1291 1877 non
1339 1838 1448 1899 per
1474 1817 1770 1898 simplices
1810 1817 2017 1896 pedes,
2064 1815 2172 1876 sed
2218 1834 2323 1894 per
2366 1823 2557 1875 metra

453 1942 562 1986 seu
584 1924 839 1990 διποδίας
865 1922 1251 1984 dimetiendos
1278 1943 1429 1984 esse.

533 2028 677 2090 Hoc
702 2040 1082 2110 praeceptum,
1102 2028 1261 2106 quod
1289 2039 1380 2089 est
1405 2027 1694 2109 quantivis
1712 2026 1885 2108 pretii
1905 2027 1967 2085 in
1993 2047 2056 2086 re
2095 2026 2362 2099 metrica,
2381 2025 2554 2086 Grae·

460 2136 546 2196 cis
571 2135 747 2196 unico
774 2134 1080 2196 debemus.
1161 2134 1389 2201 Quibus
1417 2152 1538 2219 non
1564 2145 1658 2193 est
1676 2132 1850 2213 copia
1876 2131 2219 2194 consulendi
2244 2133 2322 2192 de
2348 2133 2463 2192 hac
2490 2151 2558 2192 re

460 2239 900 2321 Hepbaestionis
946 2237 1330 2303 Alexandrini
1375 2238 1637 2299 libellum
1684 2239 1764 2299 de
1799 2239 2021 2311 metris,
2052 2239 2154 2319 qui
2171 2245 2296 2316 jam
2320 2239 2420 2299 diu
2460 2251 2554 2300 est

453 2347 796 2419 rarissimus,
834 2347 1050 2410 adeant
1067 2357 1272 2406 vetera
1291 2346 1473 2408 scolis,
1495 2345 1556 2404 in
1585 2346 2049 2427 Aristophanem,
2076 2346 2172 2406 vel
2195 2346 2457 2406 Triclinii
2484 2346 2548 2405 in

461 2453 850 2534 Sophoclem:
892 2454 953 2514 in
971 2454 1041 2514 iis
1077 2453 1358 2515 videbunt
1380 2472 1586 2514 versus
1614 2473 1818 2515 omnes
1837 2473 1944 2534 per
1983 2454 2211 2532 integra
2235 2452 2335 2513 illa
2372 2454 2558 2533 scrip.

459 2569 522 2619 ta
546 2578 655 2638 per
676 2559 932 2626 διποδίας
952 2558 1266 2640 dimensos.
1286 2557 1447 2639 quod
1483 2560 1640 2640 apud
1684 2560 1927 2620 Graecos
1965 2571 2085 2619 tam
2109 2570 2381 2620 constans
2420 2560 2556 2633 fiait,

458 2676 528 2729 ut
551 2665 690 2725 inde
736 2665 969 2740 nomina
1003 2665 1264 2726 versibus
1306 2663 1636 2738 indiderint,
1682 2684 1757 2726 ac
1798 2665 2073 2744 trimetros
2113 2675 2175 2724 et
2214 2673 2560 2726 teti-metros

459 2770 734 2844 dixerint,
757 2789 905 2851 quos
940 2770 1135 2830 Latini
1165 2789 1284 2830 non
1319 2770 1444 2829 sine
1485 2789 1702 2850 magno
1741 2771 1828 2831 rei
1861 2771 2125 2832 metricae
2162 2772 2557 2844 incommodo,

461 2880 702 2939 senarios
729 2886 791 2940 et
841 2880 1161 2938 octonarios.
1243 2876 1410 2936 Hinc
1455 2876 1611 2935 enim
1652 2876 1877 2936 factum
1914 2887 2004 2937 est
2041 2888 2108 2937 ut
2126 2887 2296 2940 vetus
2325 2877 2429 2938 illa
2454 2897 2564 2958 per

459 2996 649 3045 metra
677 2983 959 3044 dimensio
983 2982 1261 3063 paulatim
1288 2983 1348 3041 in
1376 2981 1821 3046 desuetudinem
1848 2984 2072 3056 abierit,
2099 2996 2158 3044 et
2183 3003 2302 3045 una
2328 3003 2463 3045 cum
2486 3003 2561 3046 ea

459 3091 545 3153 rei
572 3090 833 3152 metricae
860 3088 1119 3160 scientia,
1150 3086 1304 3168 quod
1346 3087 1423 3147 ad
1456 3089 1587 3149 haec
1622 3108 1894 3150 versuum
1931 3108 2171 3169 genera,
2217 3089 2345 3150 fere
2380 3089 2561 3150 inter-

462 3196 690 3258 ciderit.
792 3195 911 3263 Qui
963 3194 1121 3255 enim
1168 3204 1490 3264 metrorum
1534 3193 1790 3255 subsidio
1831 3194 2164 3268 destitutus,
2233 3195 2311 3255 de
2358 3215 2563 3255 versus

457 3321 731 3366 mensura
755 3301 1023 3379 judicare
1060 3299 1282 3379 nequit,
1305 3299 1417 3360 nisi
1437 3318 1512 3359 ex
1531 3300 1749 3380 pedum
1775 3300 2120 3381 simplicium
2145 3320 2410 3373 numero,
2442 3321 2558 3363 nec

459 3408 586 3487 ipse
613 3418 877 3468 veterum
897 3406 1250 3468 comicorum
1276 3405 1493 3486 scripta
1517 3418 1656 3487 apte
1699 3417 1762 3468 et
1796 3426 2102 3494 numerose
2148 3408 2330 3486 leget,
2366 3427 2562 3488 neque

461 3512 512 3571 si
539 3514 615 3573 ab
638 3511 764 3572 aliis
784 3512 1120 3584 recitentur,
1148 3531 1454 3572 numerum
1485 3512 1546 3572 in
1571 3512 1640 3573 iis
1680 3511 1930 3592 aliquem
1967 3511 2406 3598 deprehendet3
2447 3532 2564 3573 nec

464 3637 721 3697 unquam
750 3617 915 3690 sciet,
943 3637 1083 3678 num
1117 3618 1474 3686 versus,suis
1510 3617 1765 3677 numeris
1801 3627 2046 3688 constet,
2077 3617 2185 3677 nisi
2227 3619 2306 3678 ad
2341 3618 2562 3704 digitos

467 3723 690 3803 exigat,
713 3724 870 3803 quod
886 3744 1002 3783 non
1030 3723 1340 3784 molestum
1368 3722 1567 3794 modo,
1600 3723 1708 3782 sed
1728 3733 1789 3782 et
1816 3722 1985 3782 nimis
2013 3741 2186 3802 quam
2214 3723 2567 3797 absurdum3

466 3851 596 3890 cum
619 3841 684 3889 et
717 3830 950 3890 nimiam
983 3831 1046 3890 id
1083 3831 1236 3890 inter
1256 3830 1571 3909 legendum
1608 3827 1702 3889 vel
1743 3826 2096 3888 audiendum
2132 3848 2371 3903 moram,
2411 3850 2565 3909 prae·

466 3945 735 4015 terquam
755 3955 848 3996 res
874 3935 1112 4016 patitur,
1155 3936 1429 4016 postulet,
1471 3935 1831 4015 gratiamque
1861 3953 2096 3994 omnem
2124 3945 2185 3994 et
2200 3944 2567 3996 venustatem

466 4025 841 4101 numerorum
868 4042 941 4100 ab
970 4059 1129 4111 aure,
1158 4047 1321 4117 cujus
1348 4060 1528 4100 unum
1561 4051 1652 4101 est
1689 4040 1767 4100 de
1795 4040 2049 4125 numeris
2061 4039 2362 4117 judicium,
2382 4051 2442 4100 et
2471 4041 2568 4101 cui

470 4147 838 4209 delectandas
859 4147 1152 4227 praecipue
1174 4146 1510 4218 inserviunt,
1540 4146 1599 4204 in
1636 4156 1824 4206 totum
1858 4145 2097 4206 eximat.
2183 4144 2428 4216 Contra,
2466 4145 2570 4225 qui

466 4254 725 4317 versibus
747 4254 981 4316 comicis
1013 4275 1119 4335 per
1140 4265 1326 4318 metra
1353 4252 1723 4340 dimetiendis
1754 4252 2093 4325 assueverit,
2117 4252 2310 4315 statim
2332 4271 2408 4314 ex
2439 4251 2571 4334 ipso
