2917 4900
787 384 1380 455 DRCOMICIS
1446 385 1961 450 VERSIBUS.
2201 416 2206 422 ·
2303 394 2428 453 lxi*

334 567 444 628 vita
466 569 778 642 communi,
816 581 880 630 et
908 571 1073 652 quasi
1108 571 1419 635 cotidianis
1459 572 1705 634 eventis.
1778 573 1917 634 Hoc
1944 575 2213 635 carminis
2242 592 2429 656 genus

332 672 402 733 de
426 675 712 754 tragoedia
752 675 942 749 fluxit,
982 687 1049 737 ut
1076 678 1357 738 Horatius
1385 678 1607 751 docuit,
1652 678 1754 759 qui
1784 679 2049 760 Thospin
2083 679 2229 742 dicit
2265 680 2428 743 inve-

328 780 469 841 nisse
488 781 751 861 ignotum
782 803 970 863 genus
991 785 1235 864 tragicae
1256 804 1474 846 musoe:
1499 797 1686 865 ,atque
1713 785 1910 847 addit:

722 911 997 973 Successit
1016 923 1171 975 vetus
1195 917 1278 975 lais
1304 918 1558 978 comoedio
1578 939 1685 978 non
1701 922 1815 978 sine
1836 921 2005 979 multa

742 1022 948 1081 Laude.

319 1155 486 1216 Initia
512 1168 710 1216 autem
737 1156 918 1216 fuisse
946 1155 1261 1215 admodum
1298 1175 1480 1237 parva
1518 1166 1580 1218 et
1618 1155 1814 1227 rudia.
1847 1175 1987 1239 cum
2021 1155 2259 1230 hilares,
2287 1168 2427 1236 post

320 1264 541 1323 labores
564 1274 832 1334 exactoS‚
865 1263 1069 1322 diebus
1096 1262 1261 1322 festis
1284 1264 1666 1324 concinerent
1689 1263 1931 1342 aliquid,
1960 1274 2023 1324 et
2049 1263 2166 1336 alii,
2188 1274 2249 1323 et
2270 1262 2427 1323 idem

324 1370 603 1430 Horatius
622 1370 684 1429 in
714 1371 939 1446 epistola
976 1369 1050 1426 ad
1077 1369 1392 1447 Augustum
1418 1366 1711 1448 perhibet,
1742 1368 1846 1428 ubi
1871 1368 2041 1442 dicit,
2080 1370 2155 1429 ab
2172 1368 2427 1430 innoxiis

308 1477 453 1554 jocis
482 1476 815 1536 libertatem
844 1476 997 1535 hauc
1024 1475 1101 1534 ad
1129 1474 1562 1534 intolerabilem
1588 1473 1888 1534 licentiam
1917 1485 2258 1555 provectam
2287 1474 2429 1537 fuis-

317 1604 393 1643 se.
463 1583 580 1650 Qui
611 1582 829 1663 primus
860 1593 1053 1642 autem
1084 1581 1432 1643 comoediam
1462 1581 1779 1662 scripserit,
1822 1601 1943 1641 non
1971 1591 2217 1643 constat.
2257 1581 2334 1640 In
2359 1582 2434 1641 li-'

316 1691 418 1750 bro
446 1690 545 1769 qui
578 1689 884 1749 Aristoteli
910 1688 1243 1748 inscribitur
1273 1689 1337 1745 de
1357 1689 1595 1768 poetica,
1625 1687 1777 1748 inter
1818 1688 1934 1748 alia
1962 1699 2022 1748 et
2047 1689 2180 1750 hoec
2209 1690 2421 1769 legun-

317 1807 439 1856 tur:
467 1794 701 1855 Siculos
729 1794 838 1855 sibi
858 1795 1175 1854 vendicare
1196 1793 1502 1853 inventum
1529 1792 1860 1866 comoediae‚
1889 1794 2070 1855 fuisse
2099 1795 2255 1855 enim
2279 1796 2425 1877 Epi.

318 1902 613 1963 chan-mum
655 1913 792 1962 ante
838 1901 1211 1962 Chonnidem
1235 1911 1295 1961 et
1321 1901 1708 1981 Magnetem:
1753 1913 1816 1962 et
1851 1901 1938 1961 uti
1982 1902 2230 1963 nominis
2276 1923 2424 1983 quo-

317 2032 421 2092 qne
449 2009 803 2071 testimonio,
849 2008 997 2069 Esse
1037 2008 1194 2069 enim
1235 2019 1400 2076 certe
1427 2008 1773 2069 comoediam
1801 2029 1921 2069 non
1948 2008 2061 2069 ἀπὸ
2089 2020 2185 2070 τοῦ
2215 2004 2437 2089 κώμου,’

319 2119 418 2179 sed
444 2118 565 2177 ἀπὸ
589 2127 702 2176 τῶν
719 2126 933 2195 κωμῶν,
980 2114 1041 2173 id
1064 2125 1175 2194 est,
1206 2118 1327 2173 non
1351 2116 1415 2173 de
1443 2117 1723 2176 hilaritate
1750 2126 1813 2177 et
1829 2116 2194 2203 exultatione,
2224 2114 2331 2176 sed
2359 2117 2425 2175 de

311 2228 467 2305 pagi-5
495 2223 867 2305 appellatam.
926 2222 1047 2282 Sed
1075 2222 1149 2281 ab
1182 2221 1642 2282 Atheniensibus
1689 2243 1876 2302 pagos
1921 2242 2038 2281 non
2087 2224 2296 2302 κόμας,
2326 2226 2438 2281 ve-‘

317 2353 437 2390 rum
466 2332 674 2413 δήμους
693 2329 909 2390 vocari.
956 2327 1234 2388 Similiter
1269 2338 1331 2387 et
1360 2328 1644 2408 quosdam
1683 2328 2114 2409 Peloponesios
2141 2328 2224 2388 ait
2250 2348 2419 2388 suum

315 2437 505 2499 facere
534 2438 837 2497 inventum
863 2432 1221 2515 tragoediam,
1246 2435 1405 2515 quod
1426 2434 1644 2495 fabulae
1683 2435 1938 2518 δράματα
1967 2434 2252 2508 dicantur,
2284 2456 2421 2497 cum

198 2575 229 2588 ··
316 2557 505 2606 tamen
534 2543 990 2604 Atheniensibus
1018 2543 1077 2601 in
1112 2563 1225 2602 usu
1254 2562 1375 2602 non
1417 2541 1493 2602 sit
1531 2543 1777 2601 verbum
1806 2542 1964 2623 δρᾶν,
1993 2543 2102 2603 sed
2129 2549 2418 2621 πράττειν.

317 2653 535 2713 Ibidem
566 2663 629 2712 et
646 2653 760 2711 hoc
780 2650 1063 2730 scriptum
1087 2660 1196 2709 est.
1241 2649 1333 2707 Ab
1355 2669 1428 2709 eo
1446 2648 1684 2708 demum
1706 2660 1972 2730 tempore
1993 2649 2296 2709 comoediae
2314 2669 2419 2709 au.

314 2771 461 2820 tores
487 2758 791 2829 celebrari,
815 2778 934 2838 quo
954 2757 1200 2817 formam
1221 2755 1321 2816 illa
1343 2767 1404 2816 et
1431 2755 1691 2837 speciem
1710 2755 2002 2837 quandam
2022 2767 2198 2816 nacta
2217 2743 2432 2828 fuerit,=

315 2887 438 2926 cum
466 2866 749 2948 principio
776 2867 1026 2926 obscura
1053 2876 1228 2935 esset,
1271 2876 1333 2924 et
1360 2874 1597 2924 autores
1625 2863 1805 2944 ipsius
1847 2864 2118 2924 laterent.
2166 2863 2288 2923 Sed
2316 2883 2417 2922 co-

315 2974 517 3033 moedia
544 2993 679 3054 quae
708 2972 905 3052 priscis
933 2970 1293 3051 temporibus
1321 2970 1382 3029 in
1406 2992 1515 3030 usu
1545 2972 1673 3043 fuit,
1713 2992 1832 3052 qua
1858 2969 2196 3030 nominatim
2226 2970 2287 3028 hi
2315 2980 2418 3029 aut

316 3078 596 3159 improbos
624 3089 728 3137 aut
754 3076 1016 3136 inimicos
1041 3096 1179 3136 suos
1206 3076 1697 3166 perstringebant,
1746 3077 2089 3158 principium
2134 3076 2312 3135 etiam
2339 3075 2420 3134 vi-

319 3204 502 3244 rorum
530 3184 712 3243 vitam
735 3194 796 3243 et
819 3202 1014 3242 mores
1040 3182 1544 3263 reprehendentes
1576 3228 1593 3256 ,
1633 3183 1765 3244 haec
1786 3184 1963 3264 igitur
1991 3182 2231 3263 antiqua
2258 3161 2436 3242 dicta⁵

321 3299 419 3348 est.
461 3289 558 3348 De
588 3290 756 3367 cujus
783 3287 1022 3348 licentia
1050 3286 1434 3368 κωμωδεῖσὲαι
1461 3289 1640 3368 vulgo
1669 3287 1877 3349 dixere
1907 3308 2028 3359 eos,
2059 3287 2157 3367 qui
2185 3287 2416 3368 probris

260 3467 263 3470 Δ
319 3394 755 3454 lacesserentur.
826 3394 1027 3473 Hujus
1070 3404 1237 3453 autor
1266 3396 1684 3457 vetustissimus
1728 3397 2062 3456 nominatur
2105 3395 2416 3476 Sannyrio.

325 3500 432 3560 Sed
449 3501 813 3561 excellentes
842 3500 1030 3571 fuere,
1054 3499 1414 3581 temporibus
1440 3499 1585 3560 belli
1613 3501 2006 3583 Peloponesii‚
2033 3507 2038 3514 ‘

628 3631 857 3708 Eupolis
877 3638 1041 3708 atque
1064 3628 1345 3704 Cratinus,
1370 3632 1871 3710 Aristophanesque
1893 3642 2084 3710 poetae.

324 3760 463 3822 Hoec
489 3774 695 3842 postea
738 3761 850 3821 fuit
885 3771 1131 3832 mutata,
1162 3780 1301 3821 cum
1330 3760 1620 3836 dolerent,
1649 3772 1717 3821 ut
1736 3761 1927 3842 inquit
1953 3763 2260 3836 Horatius,
2287 3751 2417 3823 cruss

323 3877 432 3928 ento
458 3870 613 3928 dente
627 3868 886 3928 lacessiti.
931 3867 1085 3928 Tum
1110 3885 1327 3927 nomen
1348 3866 1604 3928 obtinuit
1625 3867 1873 3942 Mediae,
1897 3889 2029 3949 quae
2051 3868 2412 3932 dissimulato

326 3974 542 4035 nomine
568 3974 712 4036 vitia
737 3985 968 4036 tantum
997 3973 1360 4054 exagitaret:
1407 4040 1412 4045 ,

1645 4103 1957 4174 Quinetiam
1977 4108 2081 4178 lex,

594 4211 868 4291 Pes-noque
884 4214 1003 4273 lata
1018 4214 1186 4286 malo,
1211 4230 1332 4292 quoe
1357 4213 1521 4273 nollet
1548 4212 1784 4274 emine
1797 4231 2096 4293 quenquam

589 4317 869 4379 Describi.
966 4355 983 4362 -

391 4444 527 4488 vor..
556 4445 632 4487 11.
1364 4444 1409 4485 ιι
1430 4432 1471 4470 ¹⁸*
