2917 4900
688 454 1245 523 DBaMETms
1304 450 2024 516 frEaENTlAms.
2225 450 2334 510 xxi

378 645 578 705 Sihoc
622 662 699 703 ex
743 639 1160 702 consuetudine
1186 636 1378 717 vulgi3
1417 654 1523 696 cm·
1567 634 1722 694 intra
1763 631 2331 701 decimumvmnm,

375 751 433 801 et
461 740 676 818 ubique
702 738 863 809 alias,
903 733 1204 816 producit?

520 868 527 875 ⁰
627 867 711 916 Nil
732 868 923 931 propter
940 867 1086 914 bane:
1120 864 1200 914 sed
1232 872 1302 911 est
1324 852 1445 925 qno'd
1469 868 1705 909 accenset
1722 859 1827 908 tibi.

376 968 598 1044 Eadem
644 982 992 1061 reliquorum
1018 979 1166 1039 ratio
1212 989 1329 1038 est:
1372 975 1580 1057 quibus
1607 975 1777 1035 venia
1802 973 2054 1055 quidem,
2093 964 2360 1052 proeser·'

379 1082 478 1140 tim
500 1079 696 1151 hodie,
735 1078 933 1158 lingna
952 1073 1296 1157 ,iamdudum
1325 1083 1607 1143 emortua,
1633 1070 1803 1130 facile
1830 1068 2191 1129 conceditur:
2225 1056 2364 1128 nisi'

380 1176 607 1257 culpam
636 1174 762 1255 quis
791 1170 1161 1233 defendendo
1186 1166 1393 1228 feceiit
1422 1172 1710 1244 majorem.
1967 1162 1978 1173 ’
2321 1206 2326 1209 Α

457 1274 748 1334 caeterum
776 1270 882 1342 abi,
925 1268 1081 1338 dmm',
1111 1267 1244 1338 redi,
1275 1264 1414 1333 dari,
1454 1285 1610 1342 roga,
1621 1263 1783 1341 jube,
1810 1271 1946 1332 tace,
1984 1261 2122 1334 vide,
2161 1272 2224 1322 et
2262 1259 2362 1345 si·¹

381 1388 489 1449 qua
515 1368 577 1427 id
604 1385 792 1446 genus
817 1363 932 1424 alia
953 1382 1085 1441 quoe
1113 1360 1369 1420 ultimam
1395 1359 1631 1418 brevem
1671 1357 1907 1427 habent,
1930 1356 2023 1416 vix
2064 1367 2155 1417 est
2180 1367 2247 1415 nt
2271 1356 2338 1415 li-

383 1474 579 1526 center
622 1463 799 1532 dicas,
839 1458 945 1520 sed
980 1456 1236 1537 legitime
1265 1454 1507 1535 corripi3
1548 1473 1677 1514 cum
1716 1465 1942 1517 veteres
1988 1453 2160 1534 epici'
2180 1450 2354 1547 idem·

374 1565 465 1637 jus
489 1558 904 1639 usurpaverint.

463 1640 738 1716 Similiter
764 1653 839 1714 de
874 1651 1019 1713 crasi
1048 1668 1322 1720 censeas3
1364 1666 1480 1727 qua
1508 1647 1638 1706 duae
1664 1646 1916 1719 vocales,
1958 1667 2197 1727 quarum
2223 1666 2340 1708 una

385 1738 601 1823 brevis,
628 1751 690 1810 in
715 1770 888 1810 unam
910 1750 1353 1811 contrahuntur:
1394 1755 1462 1804 ut
1483 1744 1620 1814 Diu,
1653 1744 1850 1815 Deum,
1893 1746 2123 1816 deorum,
2153 1766 2339 1818 meum,

388 1859 547 1921 tm,
576 1869 749 1921 suum,
769 1868 1019 1936 meorum,
1041 1844 1504 1927 &c.sidt,fuisse
1521 1864 1539 1900 .-
1565 1842 1693 1901 hoec
1712 1853 1770 1900 et
1797 1841 1963 1921 siqua
1987 1840 2338 1918 hujusmodi,

381 1947 508 2024 jure
543 1942 771 2025 qnoties
794 1945 1008 2005 vellent
1053 1941 1471 2005 contrahebant
1511 1938 1753 2009 comici3
1793 1938 1927 2018 quia
1962 1938 2116 1998 idem
2161 1936 2342 2018 epicis

380 2041 472 2118 jus
525 2026 705 2098 erat.'
750 2037 972 2097 Durius
1022 2036 1255 2117 quidem
1301 2037 1653 2098 nostratibus
1691 2047 1900 2097 sonant
1946 2037 2125 2115 lugius,
2168 2030 2358 2113 cajus,

385 2137 515 2213 (jus,
543 2153 697 2204 novo,
719 2132 824 2191 levi
848 2131 907 2191 in
928 2152 1101 2192 unam
1129 2132 1408 2213 syllabam
1438 2143 1741 2196 contracta
1758 2153 1774 2192 ε
1792 2153 1999 2192 verum
2026 2130 2086 2192 id
2109 2151 2180 2191 eo
2208 2150 2342 2191 eve·

384 2230 483 2299 nit,
522 2228 683 2308 quod
709 2248 815 2288 nos
856 2228 1031 2288 hodie
1068 2229 1221 2289 male
1260 2229 1725 2310 pronunciemus.
1806 2228 2025 2289 Notum
2072 2227 2225 2288 enim
2253 2239 2350 2288 est.

385 2323 635 2396 eruditis,
678 2336 1064 2385 consonantes
1092 2326 1112 2382 i
1135 2338 1197 2385 et
1224 2326 1432 2407 uapud
1457 2325 1699 2386 Latinos
1742 2325 1951 2386 eodem
1997 2323 2175 2385 fuisse
2200 2344 2346 2387 sono

384 2433 442 2483 et
476 2433 787 2503 potestate,
827 2442 944 2504 quo
990 2420 1165 2483 hodie
1201 2444 1244 2502 y
1290 2434 1349 2486 et
1395 2444 1461 2485 w.
1545 2420 1897 2483 Pronuncies
1942 2420 2116 2502 igitur
2157 2442 2344 2500 caym,

384 2540 542 2590 nomo,
572 2519 708 2592 levi,
758 2528 820 2579 et
848 2518 1073 2578 mollior
1098 2518 1202 2579 fiet
1228 2520 1423 2581 erasis.
1509 2521 1606 2582 lta
1640 2531 1833 2581 noster
1860 2530 1984 2591 twa,
2012 2540 2140 2591 swa,
2178 2540 2348 2598 gran·

386 2617 652 2694 amenta,
697 2615 1005 2692 stellyonino
1021 2639 1045 2685 ‚·
1083 2616 1256 2695 plane
1305 2628 1368 2676 ut
1412 2616 1690 2698 Virgilius
1734 2618 1936 2693 stellyo‚
1988 2617 2188 2693 abyete,
2235 2620 2343 2675 &c-

390 2701 621 2773 Eadem'
652 2712 895 2783 ratione,
939 2731 1068 2771 cum
1096 2718 1228 2791 jam
1268 2711 1558 2786 efferrent,
1602 2724 1666 2771 ut
1714 2731 1817 2773 nos
1864 2711 2039 2772 hodie
2079 2733 2245 2790 ymm-
2285 2712 2345 2771 in

388 2810 526 2871 duas
552 2810 804 2891 syllabas
843 2828 949 2890 pro
996 2808 1182 2868 lubitu
1223 2807 1629 2882 dissolvebant,
1673 2831 1811 2869 nunc
1847 2814 1976 2870 ἳωπ.
2057 2809 2350 2870 Caeterum

387 2906 445 2965 in
489 2905 600 2967 hac
628 2904 880 2966 editione
922 2905 1021 2965 ubi
1063 2910 1173 2964 tem
1200 2905 1521 2987 disyllabon
1548 2917 1654 2978 est,
1696 2918 1930 2966 notatur
1956 2907 2246 2977 diaeresis;
2287 2918 2350 2968 et

390 3004 555 3074 cuius,
590 3003 771 3073 huius,
809 3002 944 3072 eius,
986 3001 1084 3060 ubi
1132 3003 1531 3081 monosyllaba
1567 3014 1719 3075 sunt,
1759 3004 1977 3084 superi
2005 3003 2223 3063 habent
2251 3023 2351 3062 ac-

390 3112 656 3170 centum;
698 3098 794 3158 ubi
823 3096 1125 3178 disyllaba,
1166 3117 1340 3177 super
1364 3120 1401 3156 a
1429 3111 1491 3158 et
1518 3121 1563 3170 e,
1608 3098 1784 3178 etym,
1811 3099 1993 3179 layas,
2030 3100 2168 3180 {jus-

465 3198 577 3269 Eii,
612 3197 732 3268 reii,
771 3196 922 3272 speii,
960 3195 1153 3275 priore
1198 3214 1303 3275 per
1347 3194 1566 3255 ectasin
1607 3195 1912 3276 producta,
1949 3215 2064 3254 non
2093 3193 2352 3274 indigent

391 3293 588 3365 venia3
629 3311 763 3352 cum
790 3290 1104 3353 Lucretius
1146 3291 1360 3372 aliique
1394 3291 1532 3352 olim
1561 3292 1712 3372 epici
1739 3291 1891 3351 idem
1930 3290 2197 3352 fecerint.
2277 3289 2353 3351 In

392 3400 585 3450 nostra
610 3388 883 3460 editione,
911 3408 1042 3447 cum
1069 3390 1491 3469 producuntur,
1517 3388 1745 3468 duplice
1771 3388 1790 3446 i
1817 3388 2164 3450 scribuntur.

468 3486 680 3567 Neque
719 3484 866 3545 illud
904 3484 1056 3546 inter
1092 3486 1353 3547 licentias
1390 3504 1678 3556 numeres,
1726 3505 1858 3546 cum
1897 3486 2097 3545 comici
2124 3509 2153 3547 ε
2179 3487 2356 3550 finale

393 3580 447 3639 in
484 3581 709 3663 syllaba
750 3580 931 3653 brevi,
973 3593 1254 3661 sequente
1301 3594 1499 3642 tamen
1540 3593 1913 3654 consonante,
1942 3603 2354 3665 nonnunquam

396 3678 688 3754 abjiciunt,
739 3688 806 3737 ut
856 3679 1048 3750 tri-etv,
1071 3677 1387 3757 famelicu':
1429 3678 1718 3758 siquidem
1759 3679 1911 3739 idem
1949 3679 2092 3740 facit
2138 3682 2353 3761 passim

396 3772 717 3833 Lucretius.
801 3773 1091 3832 Caeterum
1125 3774 1283 3854 quod
1311 3794 1418 3835 nos
1437 3774 1669 3854 quidam
1698 3775 1930 3849 docent,
1960 3788 2023 3837 et
2048 3777 2107 3836 in
2132 3778 2356 3859 syllaba

395 3868 565 3950 longa
605 3869 723 3930 hoc
768 3869 959 3929 solere
994 3867 1139 3942 fieri,
1183 3881 1245 3931 et
1290 3883 1574 3952 sequente
1601 3872 1808 3946 vocali,
1853 3884 1916 3934 et
1962 3884 2145 3934 totam
2181 3875 2358 3934 etiam

394 3966 669 4044 syllabam
724 3985 861 4026 cum
904 3985 932 4022 ε
972 3984 1130 4046 soepe
1181 3967 1451 4039 resecari,
1508 3968 1784 4028 falluntur
1829 3979 1893 4029 et
1942 3970 2172 4030 fallunt.
2281 3970 2353 4029 In
2453 3995 2456 3998 ¹

398 4062 722 4131 con-similist,
751 4080 789 4121 a
813 4060 1006 4138 priore
1041 4061 1201 4134 nihil,
1250 4063 1363 4123 sed·
1405 4065 1479 4124 ab
1530 4075 1611 4124 est
1656 4066 1870 4127 vocalis
1918 4079 2252 4136 resecant-3
2291 4059 2356 4127 ut

376 4154 452 4213 lin
493 4158 743 4233 paltnmt,
787 4167 1125 4216 necessumst.
1208 4158 1550 4221 Multimodis
1591 4163 1747 4244 apud
1787 4175 2040 4225 nostrum
2069 4183 2186 4222 non
2219 4161 2358 4222 divi·

398 4250 497 4311 nim
535 4251 772 4313 effertur
819 4253 988 4311 multi·
1020 4256 1187 4314 modis
1204 4280 1227 4326 ‚·
1267 4255 1371 4318 aed
1400 4278 1516 4321 vox
1546 4280 1658 4322 una
1699 4272 1878 4322 estut
1927 4257 2264 4320 onmimodisx
2297 4250 2359 4323 et

400 4347 699 4412 Lucretius
726 4360 975 4430 utraque
1005 4351 1199 4413 utitur.
