2917 4900
493 402 586 460 vi*
1313 372 1784 463 surinus

490 599 690 641 versus
715 579 1023 643 trimetrus.
1070 583 1320 652 ἒωεὶιῖεῐΐ,
1370 588 1612 653 revocat,
1656 582 1915 641 redeam?
1956 588 2061 641 m'm
2102 589 2152 640 εἰ
2194 591 2276 640 m?
2323 583 2587 642 ὅόεὲενεί.

489 686 649 747 hunc
674 687 865 768 incipe
893 687 1087 760 ferire,
1116 687 1404 748 videberis
1428 690 1674 750 heroum
1694 690 1913 750 habere
1933 689 2086 748 inter
2109 707 2316 748 manus
2336 686 2414 747 ad
2434 706 2591 747 sum-

491 811 647 850 mam
681 792 883 872 paucis
920 792 1160 873 syllabis
1187 793 1248 851 in
1276 772 1574 879 postremo
1595 794 1850 867 mutatis,
1871 804 2030 853 totus
2057 793 2170 853 erit
2195 794 2431 853 herous.
2474 793 2591 851 Ea:-

485 899 667 970 clasit,
695 907 934 972 revocat,
962 900 1171 957 redeam
1192 906 1216 955 ‚⁷-
1250 919 1356 957 που
1381 901 1431 956 ri
1472 921 1593 958 mea
1614 901 1757 975 fiat.
1816 900 2044 959 Ponam
2093 898 2336 958 dubium
2378 916 2588 958 secun·

489 1001 566 1061 do
603 1001 737 1063 loco
763 1002 993 1083 pedem,
1035 1003 1266 1084 propius
1294 1006 1599 1068 accedam.
1672 1007 1862 1067 Hero-r
1888 1008 2098 1066 derides
2140 1006 2378 1065 coeliffim
2419 1013 2592 1064 testor

465 1109 662 1182 fidem.
706 1108 896 1186 Varro
923 1109 984 1168 in
1012 1108 1156 1169 VII.
1177 1109 1468 1171 clausulas
1483 1130 1716 1191 quoque
1741 1111 1994 1193 primum
2013 1110 2340 1193 appellatas
2360 1109 2590 1180 dicunt,

487 1214 644 1295 quod
670 1216 1014 1276 clauderent
1034 1218 1403 1291 sententiam,
1432 1229 1500 1277 ut
1526 1217 1684 1297 apud
1714 1202 2006 1278 Acciumz
2056 1238 2128 1276 an
2148 1217 2255 1274 hoec
2278 1219 2411 1292 jam
2438 1215 2592 1273 obliti

482 1330 613 1379 sumt
638 1321 923 1400 Phryges?
951 1316 1386 1403 Nonnunquam
1406 1325 1484 1383 ab
1503 1322 1593 1382 his
1615 1323 1843 1384 initium
1856 1322 1945 1397 fit,
1975 1334 2040 1382 ut
2055 1304 2214 1402 apud
2237 1320 2587 1381 Caecillium:

484 1427 547 1484 di
574 1428 696 1485 boni
724 1430 861 1505 quid
880 1429 975 1487 Ιιόε
997 1437 1023 1486 ἲ
1068 1429 1245 1507 Apud
1277 1428 1657 1489 Terentium:
1701 1429 1999 1488 discrdcibr
2026 1433 2216 1484 animi.
2257 1426 2430 1485 Idem
2453 1444 2584 1485 var-

483 1549 551 1592 ro
573 1532 635 1590 in
656 1533 866 1593 eodem
888 1533 993 1593 lib.
1024 1533 1174 1599 VII.
1204 1533 1280 1592 de
1309 1532 1514 1612 lingua
1552 1530 1769 1590 Latina
1792 1531 1872 1590 ad
1899 1530 2258 1590 Marcellum
2284 1530 2371 1591 sic
2400 1530 2547 1591 dicit
2567 1553 2585 1590 z

484 1649 589 1699 aut
603 1637 663 1705 in
681 1649 1011 1707 extremum
1026 1637 1321 1697 senarium
1341 1637 1589 1699 totidem
1615 1634 2008 1717 semipedibus
2025 1634 2270 1711 adjectis
2286 1636 2392 1697 flat
2407 1635 2589 1697 comi-

483 1763 587 1807 cus
617 1745 952 1825 quadratus,
982 1756 1050 1806 ut
1078 1744 1174 1805 hic
1192 1765 1211 1804 z
1242 1744 1361 1803 heri
1384 1745 1595 1820 aliquot
1621 1742 2000 1817 adolescentuli
2044 1741 2244 1821 coimus
2268 1745 2326 1805 in
2355 1743 2587 1821 Piroeeo.

474 1850 809 1913 Trimetros
834 1871 1037 1913 versus
1048 1850 1339 1926 ,iambicos
1363 1832 1628 1909 Terentii
1645 1857 1711 1907 et
1732 1846 1929 1921 Plauti
1955 1856 2018 1908 et
2034 1858 2384 1909 caeterorum
2409 1849 2590 1910 comi·

481 1976 683 2017 corum
709 1969 771 2017 et
792 1957 1149 2035 tragicorum
1176 1955 1271 2016 M.
1303 1954 1534 2013 Tullius
1556 1953 1816 2029 senarios
1836 1953 1979 2014 dicit
1999 1965 2061 2014 et
2078 1951 2359 2017 nominat.
2400 1952 2588 2019 Quin-

472 2063 719 2125 tilianus
742 2062 920 2125 etiam
945 2060 1243 2120 trimetros
1262 2060 1526 2120 senarios
1557 2060 1902 2123 nominavit.
1945 2059 2028 2121 Et
2052 2058 2284 2121 Flavius
2314 2058 2509 2139 Caper
2526 2056 2588 2117 in

481 2167 699 2229 artibus
718 2167 837 2229 suis
851 2167 1143 2227 trimetros
1162 2186 1364 2231 versu·
1385 2165 1679 2245 jambicos
1689 2167 1952 2227 Terentii
1969 2164 2231 2228 senarios
2253 2162 2589 2249 appellavit.

484 2274 585 2333 De
606 2273 804 2335 metris
822 2273 1083 2333 Terentii
1100 2283 1165 2332 et
1179 2272 1375 2333 Plauti
1396 2284 1461 2332 et
1477 2282 1758 2335 caeteriun
1777 2273 2140 2333 comicorum
2159 2283 2221 2331 et
2235 2271 2590 2357 tragicorum

483 2378 817 2443 Victorinus
844 2380 928 2439 sic
954 2378 1132 2440 dicit:
1178 2389 1467 2459 quantum
1494 2388 1598 2439 aut
1624 2379 1700 2439 ad
1725 2399 1960 2440 versum
2000 2378 2289 2464 comicum
2329 2387 2585 2464 spectat,

483 2498 551 2546 ut
578 2486 881 2566 paululum
908 2503 1243 2564 evagemur,
1287 2484 1407 2544 scio
1436 2484 1732 2564 piisimos.
1747 2485 2051 2556 affirmare,
2081 2484 2465 2546 Terentianus
2491 2484 2588 2544 vel

482 2593 734 2654 maxime
759 2593 988 2656 fabulas
1023 2602 1274 2651 metrum
1298 2590 1375 2650 ad
1401 2590 1762 2671 disciplinam
1801 2610 2130 2674 graecarum
2169 2591 2590 2676 comoediarum

481 2718 602 2760 non
627 2699 969 2770 custodisse,
999 2698 1036 2757 i.
1064 2717 1211 2778 quas
1241 2697 1596 2768 Menander,
1629 2696 1955 2771 Philemon,
1979 2695 2280 2776 DiphiJ.uS‚
2308 2706 2371 2755 et
2393 2695 2587 2756 caeteri

482 2806 812 2865 ediderunt.
855 2804 1079 2865 Nostri.
1099 2824 1159 2862 n.
1187 2804 1245 2862 in
1270 2803 1643 2874 modulandis
1676 2804 1963 2884 rhythmis
1989 2822 2097 2863 seu
2122 2801 2348 2882 metris,
2373 2800 2588 2866 veteris

442 2944 446 2949 ·
482 2911 785 2974 comoediae
826 2911 1144 2991 scriptores
1192 2929 1259 2970 se
1303 2909 1406 2989 qui
1431 2910 1781 2983 maluerunt,
1830 2909 1869 2969 i.
1920 2908 2214 2989 Eupolim,
2262 2906 2584 2980 Cratinum,

471 3017 957 3097 Aristophanem.
1006 3018 1283 3097 prologos
1330 3015 1550 3097 itaque,
1594 3028 1657 3077 et
1702 3016 2018 3097 primarum
2057 3032 2368 3076 scenarum
2420 3024 2587 3074 actus

484 3122 759 3184 trimetris
805 3122 1416 3203 comprehendet-unte
1455 3122 1672 3184 deinde
1709 3121 2093 3203 longissimos.
2132 3120 2178 3186 i.
2217 3130 2589 3181 tetrametros

483 3227 871 3289 subdiderunt
894 3228 995 3308 qui
1021 3228 1397 3309 appellantur
1421 3227 1722 3309 quadrati:
1751 3238 1957 3309 postea
1981 3228 2042 3288 in
2069 3227 2447 3308 sequentibus
2484 3246 2585 3287 va-

486 3332 780 3393 riaverunt
798 3354 814 3393 ι
834 3334 1035 3394 modo.
1050 3353 1110 3394 n.
1127 3332 1443 3408 trimetros,
1471 3331 1646 3396 modo
1666 3332 1868 3394 addito
1889 3332 2216 3413 quadrante
2229 3331 2325 3393 vel
2346 3332 2586 3408 semisse

485 3449 825 3518 posuerunt,
853 3437 893 3498 i.
909 3437 1213 3518 semipede
1232 3438 1619 3518 adjecto„ve1
1639 3438 1872 3518 integro
1899 3437 2056 3518 pede
2085 3439 2293 3514 jambo
2327 3438 2422 3499 vel
2464 3457 2588 3499 ses-

486 3546 744 3626 quipede
767 3525 900 3605 haec
925 3563 1031 3625 per
1056 3543 1284 3606 medios
1309 3555 1499 3615 acuis,
1549 3544 1707 3606 varie
1733 3563 1931 3605 rursus
1966 3543 2030 3606 in
2064 3543 2232 3604 exitu
2256 3544 2586 3606 fabularum

486 3650 822 3731 quadratos,
872 3650 1077 3730 quales
1120 3648 1374 3712 diximus
1417 3649 1479 3709 in
1520 3649 1783 3710 secunda
1819 3667 1999 3711 scena
2037 3649 2397 3710 locaverunt.
2464 3648 2588 3710 Sed

486 3755 647 3820 idem
664 3756 929 3836 quadrati
947 3755 1191 3836 legitimi
1208 3776 1345 3817 cum
1366 3756 1539 3818 XVI.
1564 3756 1805 3838 syllabis
1815 3762 1997 3834 juxta
2010 3761 2116 3844 5¹¹⁸.
2131 3755 2426 3837 proprium
2443 3773 2587 3815 con-

488 3873 646 3922 stare
674 3862 954 3936 debeant,
1003 3865 1329 3946 plerunque
1349 3864 1713 3926 inveniuntur
1740 3863 1878 3925 XX.
1907 3874 2010 3924 aut
2036 3862 2283 3943 amplius
2333 3861 2592 3942 syllaba-

486 3957 649 4030 rum:
675 3967 811 4029 hinc
837 3969 1241 4033 existimantur
1267 3983 1667 4054 metrumnon
1693 3969 1973 4043 tenuisse,
2001 3987 2115 4029 nec
2141 3987 2250 4029 sua
2275 3967 2412 4046 lege
2431 3985 2588 4026 com·

486 4074 772 4151 posuisse.
814 4075 992 4142 Quod
1036 4097 1179 4138 vero
1220 4078 1300 4137 ad
1346 4077 1655 4139 clausulas.
1699 4077 1737 4136 i.
1764 4075 2089 4136 minuscula
2132 4074 2265 4135 cola
2310 4072 2590 4154 pertinet,

488 4191 636 4258 quot
662 4199 881 4261 genera
904 4201 1177 4244 versuum
1206 4192 1362 4256 sunt,
1404 4183 1648 4251 totidem
1684 4167 1945 4243 membra
1981 4200 2091 4261 pro
2133 4178 2418 4241 clausulis·
2448 4176 2589 4258 poni
2661 4195 2666 4202 ’

490 4298 754 4364 possunt,
783 4298 845 4350 et
873 4290 1065 4351 solent
1087 4288 1145 4348 in
1174 4288 1416 4350 canticis
1436 4288 1621 4367 magis
1635 4297 1812 4368 ‘quam
1840 4285 2117 4348 diverbiis
2143 4305 2276 4366 quae
2302 4304 2378 4346 ex
2397 4283 2593 4344 trime·
