2917 4900
742 390 903 453 ‘DE
967 388 1377 459 MRTRIS
1448 387 1925 455 COMICIS.
2217 396 2399 457 ²⁶17*

286 582 479 640 nnita
502 570 775 653 proxima
798 590 909 653 pro
934 583 1215 654 correpta
1243 573 1558 646 habeatur,
1607 572 1966 653 breviorque
1992 580 2172 635 acuta
2206 573 2411 636 vide·-

290 688 409 752 ιιι,
449 677 630 739 etiam
666 694 806 738 cum
845 676 983 759 ipsa
1014 698 1250 761 quoque
1286 679 1484 743 brevis
1510 689 1624 743 est·
1706 678 2004 762 Exempla
2042 680 2236 761 hujus.
2251 681 2412 745 infra

288 783 533 844 afferam
559 781 901 845 clarissima.

372 890 622 965 Quinto,
650 901 938 954 accentus
955 890 1220 974 legitime
1236 893 1451 973 migrat
1470 914 1546 956 ex
1563 893 1888 975 penultima
1905 894 1968 955 in
1993 894 2260 958 ultimam
2277 896 2409 973 lonf-

288 1018 451 1078 gam‚
481 999 718 1080 quoties
761 998 901 1061 voci
928 1000 1104 1062 alicui
1146 998 1425 1063 enclitica
1448 998 1734 1079 adjuncta
1757 1010 1882 1073 est,
1915 1016 2054 1060 cum
2079 1001 2198 1063 hoe
2221 1014 2406 1083 pacto

292 1103 500 1166 ultima
524 1123 649 1167 non
670 1105 923 1187 amplius
948 1106 1231 1180 ultimam,
1254 1105 1366 1168 sed
1390 1106 1467 1166 ab
1493 1106 1703 1168 ultima
1722 1106 2062 1179 secundam·
2075 1109 2281 1170 sedem
2303 1131 2407 1172 oc·

290 1222 499 1291 cupet.
528 1230 584 1272 e.
614 1233 676 1292 g.
702 1213 765 1273 in
791 1215 904 1273 deoe
929 1213 1162 1275 acuitur
1184 1213 1390 1295 prima,
1418 1212 1483 1272 in
1509 1213 1722 1292 deeque
1746 1212 2033 1275 secunda.

374 1315 584 1390 Sexto,
612 1317 677 1378 in
703 1318 1036 1401 dissyllabis
1062 1339 1309 1399 quorum
1354 1320 1511 1401 prlor
1535 1318 1732 1382 brevis
1771 1328 1881 1393 est,
1913 1320 2103 1381 altera
2128 1320 2327 1402 longa,
2357 1322 2410 1383 si

290 1443 522 1487 coemra
545 1425 608 1485 in
636 1425 901 1488 diversos
927 1427 1117 1508 pedes
1157 1427 1579 1499 distrahantur,
1607 1435 1893 1487 accentus
1919 1425 2257 1488 necessario
2299 1427 2409 1488 mi-
2441 1426 2446 1433 ’

290 1541 429 1610 grat
452 1530 519 1590 in
536 1531 801 1592 ultimam
822 1528 842 1605 ξ
874 1532 1034 1613 quod
1060 1534 1196 1594 ideo
1215 1532 1439 1593 licitum
1466 1531 1599 1603 fuit,
1630 1530 1768 1612 quia
1787 1529 1914 1591 fieri
1942 1550 2063 1591 non
2089 1542 2326 1612 poterat
2341 1544 2411 1593 ut

288 1646 491 1716 poetoe
518 1635 637 1697 hae
651 1637 900 1699 licentia
923 1648 1052 1698 non·
1068 1648 1374 1697 uterentur
1395 1661 1412 1705 ;
1451 1637 1581 1716 ipsa
1605 1636 1778 1695 metri
1803 1638 2124 1697 necessitas
2144 1650 2413 1700 excusat.

290 1742 435 1803 Nec
458 1740 631 1802 vitari
670 1752 872 1823 potest
896 1741 958 1801 in
986 1740 1242 1822 cujusvis
1281 1739 1518 1820 generis
1527 1741 1810 1821 joenbicis,
1840 1740 2073 1821 quoties
2092 1762 2300 1803 versus
2329 1745 2407 1805 ab

288 1846 639 1926 hujusmodi
663 1867 813 1910 voce
839 1847 1076 1929 incipit;
1115 1858 1181 1909 et
1204 1846 1257 1909 si
1280 1847 1341 1907 in
1382 1847 1564 1908 talem
1607 1847 1857 1921 desinat,
1898 1868 2270 1931 quascunque
2294 1869 2412 1910 vox

288 1954 688 2035 praecesserit,
719 1954 925 2017 ultima
950 1959 1077 2033 ejus
1097 1954 1327 2036 syllaba
1346 1956 1396 2018 si
1424 1955 1606 2035 longa
1626 1955 1725 2035 sit,
1750 1976 1790 2016 a
1813 1955 2025 2017 ceteris
2052 1956 2278 2018 divulsa
2301 1957 2409 2018 fiet

290 2061 488 2141 prima
506 2060 678 2141 pedis
705 2061 925 2135 cretici,
952 2060 1225 2142 adeoque
1266 2061 1330 2121 in
1373 2061 1810 2143 pronuntiando
1836 2071 2097 2123 acuetur.
2123 2061 2286 2142 quod
2310 2081 2414 2123 va·

292 2167 383 2227 let
412 2167 593 2228 etiam
612 2166 674 2227 in
705 2168 996 2228 trochaicis
1035 2169 1388 2241 catalecticis,
1418 2168 1519 2250 qui
1538 2167 1654 2230 hac
1679 2169 1742 2229 in
1767 2179 1936 2250 parte
1953 2169 2032 2230 ab
2036 2170 2305 2248 jambicis
2322 2168 2413 2229 ni·

292 2275 377 2335 bil
402 2274 699 2337 differunt.

375 2381 671 2468 septime,
712 2381 775 2442 in
802 2381 1118 2464 trisyllabis
1149 2381 1322 2443 metri
1360 2380 1621 2442 conditio
1662 2381 1959 2443 interdum
1977 2393 2169 2443 mutat
2196 2401 2410 2444 accen*

294 2506 451 2565 tum,
476 2489 739 2570 facitque
775 2499 844 2549 ut
861 2488 1117 2569 e-prima,
1137 2489 1200 2549 in
1224 2488 1550 2550 secundam
1575 2488 1823 2569 migret3
1865 2510 2002 2551 cum
2042 2488 2265 2568 scilicet
2288 2490 2410 2569 syl-

292 2601 435 2662 laba
451 2598 647 2661 brevis
674 2608 812 2658 ante
837 2608 1063 2658 mutam
1091 2607 1154 2657 et
1180 2594 1463 2678 liquidam
1482 2595 1869 2677 producitur:
1912 2605 1981 2653 ut
2010 2593 2062 2655 si
2086 2594 2412 2658 secundam

296 2708 359 2766 'm
386 2707 637 2767 volucres
651 2704 963 2784 producas,
989 2723 1122 2783 quae
1142 2712 1321 2764 extra
1346 2714 1603 2764 metrum
1629 2714 1693 2763 et
1715 2702 1774 2760 in
1812 2720 1916 2762 ore
1947 2700 2148 2781 populi
2176 2719 2413 2781 semper

299 2810 633 2891 corripitur.
654 2808 765 2869 sed
781 2827 904 2869 non
929 2807 1072 2868 licet
1100 2818 1308 2868 contra
1338 2807 1398 2867 in
1425 2807 1741 2889 trisyllabis
1762 2816 2068 2869 accentum
2095 2826 2131 2867 e
2153 2806 2414 2867 secunda

298 2918 360 2978 in
379 2917 631 2998 primam
654 2915 751 2976 vel
794 2914 1029 2976 tertiam
1069 2934 1330 2988 movere,
1371 2914 1743 2994 mediamque
1768 2914 1914 2977 licet
1953 2912 2245 2994 positione
2284 2912 2415 2973 sola

296 3025 539 3104 long-am
581 3022 914 3104 corripere;
956 3042 1091 3082 cum
1120 3042 1192 3083 eo
1230 3021 1497 3102 legitima
1533 3019 1952 3103 pronuntiandi
1979 3019 2128 3082 ratio
2164 3019 2410 3079 nimium
2517 3087 2522 3094 ,

298 3131 660 3202 immutetur,
699 3148 815 3189 nec
858 3127 1271 3189 immutationis
1309 3128 1525 3188 idonea
1571 3125 1714 3188 satis
1761 3146 1940 3188 causa
1976 3124 2259 3197 audienti,
2285 3143 2408 3203 quo

300 3236 490 3297 minus
520 3235 869 3308 offendatur,
897 3255 963 3295 se
984 3235 1277 3296 ostendat.
1305 3246 1396 3297 est
1413 3234 1653 3314 quidem
1680 3233 1780 3294 ubi
1809 3233 2057 3293 Plautus
2091 3231 2207 3292 hae
2228 3230 2407 3291 etiam

298 3342 545 3403 licentia
592 3343 798 3417 utitur,
839 3342 949 3402 sed
988 3341 1257 3423 parcius;
1297 3361 1355 3404 e.
1395 3364 1457 3421 g.
1494 3341 1552 3401 vi
1590 3361 1795 3402 eorum
1838 3360 1971 3424 quae
2014 3349 2226 3419 quarto
2272 3339 2407 3398 loco

301 3449 457 3510 dicta
498 3460 653 3523 sunt,
696 3448 994 3531 corripere
1022 3448 1167 3510 licet
1192 3447 1512 3509 secundam
1538 3447 1603 3508 in
1627 3447 1945 3525 voluptatis,
1975 3445 2084 3505 sed
2110 3465 2231 3505 non
2250 3444 2410 3506 idem

300 3555 439 3616 licet
464 3555 528 3615 in
554 3557 824 3633 voluptas,
852 3554 1115 3635 quamvis
1141 3554 1259 3615 hoc
1280 3575 1519 3636 quoque
1546 3573 1584 3613 a
1609 3551 1824 3613 Plauto
1849 3550 2059 3633 saepius
2084 3551 2211 3613 fiat.

382 3661 587 3723 Unum
612 3681 789 3742 porro
818 3659 1172 3722 monendum
1199 3670 1468 3740 superest
1509 3659 1586 3720 de
1627 3658 2098 3740 pronuntiatione
2126 3678 2416 3719 consona«

302 3787 430 3828 rum
459 3770 565 3827 iet
582 3788 638 3840 u,
669 3787 803 3846 quae
843 3787 961 3827 non
990 3778 1124 3842 ⁴tam
1164 3767 1312 3826 dure
1349 3765 1661 3826 efferendas
1687 3775 1840 3836 sunt,
1865 3784 1938 3824 ac
1965 3764 2126 3845 apud
2146 3786 2254 3826 nos
2282 3766 2412 3826 fieri

306 3874 475 3946 solet,
496 3872 608 3933 sed
632 3871 901 3932 molliore
947 3890 1113 3948 sono,
1154 3870 1372 3950 quique
1412 3870 1678 3950 proxime
1719 3870 1972 3930 accedat
1998 3869 2075 3929 ad
2104 3868 2266 3929 illum
2293 3890 2411 3950 quo

307 3979 750 4061 pronuntiamus
770 3999 812 4057 y
850 3988 913 4037 et
940 3999 1026 4049 τος
1064 3976 1227 4057 quod
1255 3985 1317 4037 et
1341 3978 1416 4037 ab
1467 3976 1593 4036 aliis
1635 3975 1858 4035 dudum
1900 3976 2273 4037 observatum
2300 3987 2413 4049 est,

307 4099 371 4148 et
393 4107 596 4148 verum
636 4104 770 4146 esse
797 4085 1033 4147 abunde
1061 4094 1294 4145 constat
1313 4102 1392 4144 ex
1418 4082 1872 4144 resolutionibus
1907 4082 2262 4163 syllabarum
2280 4101 2415 4160 quas

308 4194 382 4252 ab
421 4193 545 4254 istis
571 4190 756 4252 literis
783 4189 1090 4271 incipiunt,
1130 4210 1264 4278 quse
1302 4208 1599 4268 nunquam
1645 4199 1766 4250 tam
1807 4189 2029 4248 crebrae
2054 4186 2321 4259 fuissent,
2362 4187 2416 4247 si

307 4311 533 4362 veteres
560 4300 763 4361 literas
790 4317 891 4359 eas
939 4295 1153 4358 eodem
1198 4315 1314 4377 quo
1353 4314 1462 4356 nos
1510 4296 1688 4358 modo
1727 4294 2235 4376 pronuntiassent:
2277 4314 2413 4355 cum
