2917 4900
888 329 1019 393 ΒΕ
1086 329 1464 394 Mnrms
1537 306 2032 405 comem?
2376 344 2510 405 exi*

402 523 601 575 esseut
641 513 1013 595 deprompta,
1058 514 1459 599 humilemque
1501 515 1666 576 illum
1701 528 1765 577 et
1791 496 2128 599 depressum
2154 521 2356 601 populi
2383 542 2507 584 ser-

400 638 636 680 monem
681 619 929 691 imitat-13
975 621 1234 701 oportuit
1277 621 1513 703 insuper
1552 621 1800 684 eandem
1828 644 2063 705 quoque
2091 627 2510 706 pronuntiandi

399 726 707 798 rationem,
736 728 1018 805 quantum
1038 736 1292 807 poterat,
1323 729 1578 811 assequi,
1600 750 1721 812 qua
1744 728 1999 811 populus
2014 732 2076 792 in
2095 735 2509 815 congressibus

398 842 463 892 et
487 832 800 913 colloquiis
841 831 1221 894 familiaribus
1263 843 1550 898 uteretur.
1622 837 1748 898 Hic
1790 858 1966 900 verns
2007 842 2354 903 licentiarum
2377 843 2507 907 fere

395 937 660 999 omnium
685 937 839 1012 fons,
878 958 1017 1019 quae
1042 950 1270 1001 tantum
1304 942 1549 1005 emditis
1575 944 1875 1024 negotium
1913 946 2188 1008 fecerunt
2210 972 2227 1019 ς
2252 950 2390 1011 hinc
2418 960 2509 1012 ed

392 1043 550 1124 quod
576 1044 819 1106 comicis
845 1044 1039 1126 poetis
1065 1045 1253 1121 licuit,
1279 1048 1443 1127 quod
1489 1048 1586 1109 alii
1622 1049 1768 1110 nulli
1793 1062 2103 1133 poetarum
2132 1056 2339 1135 generi
2366 1076 2507 1117 con-

394 1168 625 1211 cessum
647 1162 759 1212 est.
820 1151 1040 1213 Cetera
1066 1162 1342 1233 poemata
1367 1155 1590 1237 scripta
1614 1167 1750 1217 sunt
1772 1168 1838 1217 ut
1863 1158 2163 1240 legantur;
2203 1161 2506 1223 comoediae

391 1276 529 1320 vero
551 1263 649 1337 (ut
668 1258 1000 1339 tragoediae)
1038 1269 1107 1319 ut
1126 1259 1455 1326 audiantur.
1541 1262 1628 1323 Ut
1655 1260 1833 1343 igitur
1860 1284 2057 1325 eorum
2098 1285 2375 1326 numeros
2412 1262 2501 1326 in·
2573 1248 2578 1255 ’

387 1365 744 1446 affligamus,
772 1376 835 1426 et
853 1367 1177 1426 verborum>
1194 1368 1403 1429 modos
1439 1368 1550 1430 rite
1578 1368 1955 1445 aestimemus,
1982 1390 2102 1432 non
2129 1384 2252 1433 tam
2280 1374 2360 1433 ad
2376 1373 2505 1434 lite-

387 1490 484 1532 ras
510 1492 648 1552 quse
670 1491 736 1532 se
757 1470 944 1534 oculis
972 1472 1264 1552 ingerunt,
1293 1472 1645 1555 insitamque
1673 1495 1872 1536 earum
1892 1478 2278 1556 quantitatem
2307 1490 2502 1540 atten-

386 1580 657 1640 dendum
677 1590 786 1651 est,
821 1579 932 1663 sed
947 1579 1024 1639 ad
1047 1599 1224 1640 sonos
1252 1600 1400 1660 quos
1421 1582 1727 1641 efficerent
1762 1602 1900 1643 eum
1925 1584 1987 1642 in
2015 1602 2117 1645 ore
2145 1584 2352 1665 populi
2383 1585 2499 1645 fer‘-

387 1696 611 1760 rentur,
653 1687 978 1767 qualesque
1005 1687 1080 1746 ad
1121 1704 1294 1757 aures
1317 1685 1695 1747 accederent.

470 1792 787 1861 Quomodo
831 1793 1011 1854 verba
1056 1792 1508 1872 pronuntiarent
1536 1792 1789 1856 Veteres
1827 1792 2100 1868 Romani,
2144 1814 2220 1855 ea
2256 1815 2502 1875 praeser-

392 1900 501 1961 tim
521 1918 660 1980 quse
685 1899 749 1958 in
774 1898 1081 1980 colloquiis
1106 1910 1243 1960 sunt
1276 1899 1689 1981 frequentioris
1736 1902 1894 1975 usus,
1930 1902 2112 1982 idque
2163 1902 2234 1962 iis
2271 1913 2498 1982 tempo.

388 2008 571 2082 ribus,
601 2026 740 2069 cum
788 2008 1026 2068 floreret
1067 2007 1262 2069 adhuc
1300 2008 1658 2089 respublica,
1687 2028 1802 2070 nec
1843 2009 1984 2070 dum
2009 2009 2290 2070 =civilibus
2325 2009 2496 2069 armis
2589 2024 2596 2037 ·

384 2117 579 2177 fi'acta
604 2116 711 2175 uni
737 2114 801 2175 in
837 2113 1142 2195 imperium
1176 2114 1479 2193 cessisset,
1520 2134 1696 2176 nemo
1725 2114 1969 2189 dixerit3
1997 2136 2110 2177 nec
2136 2117 2409 2197 profecto
2435 2115 2495 2175 in

380 2220 507 2285 ulla
545 2223 751 2302 lingua
767 2202 906 2283 vera
928 2222 1349 2303 pronuntiandi
1384 2221 1539 2282 ratio
1564 2232 1733 2285 certo
1759 2221 1892 2282 sciri
1933 2226 2148 2304 potest,
2190 2222 2299 2283 nisi
2321 2224 2395 2283 ab
2424 2222 2493 2282 iis

383 2331 488 2413 qui
526 2329 663 2391 viva
685 2350 835 2391 voce
864 2329 1172 2411 loquentes
1199 2328 1493 2391 audierint
1521 2348 1643 2403 em,
1674 2329 1886 2409 quibus
1903 2329 2105 2408 lingua
2134 2331 2211 2391 de
2233 2350 2350 2412 qua
2368 2328 2492 2410 agi-

376 2449 497 2511 tur,
526 2436 707 2500 fuerit
740 2436 1077 2499 vernacula.
1138 2434 1329 2497 Nobis
1353 2434 1551 2516 igitur,
1584 2455 1718 2496 oum
1748 2435 2017 2496 Romana
2041 2435 2246 2517 lingua
2266 2456 2377 2518 per
2403 2447 2492 2498 tot

369 2550 499 2624 jam
545 2544 765 2607 saecula
802 2544 864 2604 in
892 2564 1001 2605 usu
1029 2543 1325 2604 communi
1352 2563 1485 2604 esse
1513 2543 1767 2616 desierit,
1809 2543 1988 2623 longe
2029 2542 2260 2603 facilius
2295 2554 2490 2603 estex

377 2673 650 2714 versuum
668 2652 1028 2713 comicorum
1053 2650 1476 2713 constitutione
1501 2663 1565 2713 et
1590 2645 1958 2713 licentiarum
1982 2669 2093 2710 usu
2107 2648 2489 2729 pronuntian-

377 2758 971 2833 chonsuemdinem‚
992 2778 1169 2840 quam
1196 2778 1271 2820 ex
1285 2741 1704 2840 pronuntiandi
1730 2759 1918 2820 modo
1932 2775 2202 2819 versuum
2223 2766 2286 2816 et
2303 2754 2487 2816 licen-

374 2866 589 2928 tiarum
616 2866 873 2928 rationes
899 2866 1275 2947 investigare.
1339 2867 1482 2929 Hoc
1524 2878 1720 2928 tamen
1763 2886 1942 2928 nemo
1985 2884 2109 2926 non
2155 2862 2354 2935 sentit,
2384 2862 2489 2943 qui

374 2974 471 3036 vel
495 2973 709 3034 leviter
733 2973 991 3036 animum
1017 2973 1093 3033 ad
1120 2972 1253 3032 haec
1281 2973 1565 3045 advertat,
1597 2973 1659 3032 in
1698 2991 1967 3033 sermone
1989 2983 2050 3032 et
2075 2969 2368 3051 colloquio
2394 2971 2483 3029 fs·-

371 3081 577 3143 miliari
597 3083 785 3143 verba
808 3081 1012 3154 multa,
1041 3100 1115 3141 ea
1133 3078 1455 3161 praesertim
1478 3098 1611 3157 quae
1634 3078 1694 3137 in
1713 3077 2188 3158 frequentissimo
2201 3084 2337 3135 sunt
2351 3094 2482 3149 usu,

372 3208 629 3270 quaeque
672 3175 893 3248 nullam
919 3186 980 3246 in
1006 3206 1073 3247 se
1103 3185 1407 3266 emphasin
1433 3184 1676 3256 habent,
1727 3204 1839 3244 nec
1864 3182 2214 3245 sententiam
2237 3181 2485 3242 multum

371 3294 675 3374 adjuvant,
703 3292 811 3353 sed
835 3291 1003 3372 quasi
1029 3290 1264 3352 vincula
1299 3279 1571 3370 quoedam
1616 3287 1891 3348 orationis
1930 3287 2194 3367 partibus
2228 3286 2481 3349 invicem

369 3396 674 3460 nectendis
696 3395 1037 3469 inserviunt,
1059 3396 1263 3475 quales
1291 3405 1429 3455 sunt
1454 3394 1701 3468 articuli,
1723 3394 2179 3475 praepositiones,
2206 3394 2482 3472 interjec-

370 3505 583 3578 tiones,
614 3501 1073 3580 conjunctiones‚
1104 3512 1167 3562 et
1191 3500 1472 3562 adverbia
1496 3521 1615 3561 non
1642 3520 1871 3582 pauca3
1898 3519 2079 3560 nemo
2105 3500 2340 3581 inquam
2363 3512 2478 3574 est,

368 3611 470 3693 qui
496 3631 617 3671 non
644 3608 825 3670 sentit
857 3606 1199 3689 hujusmodi
1242 3608 1426 3668 verba
1459 3597 1899 3687 quodammodo
1929 3605 2279 3688 proecipitari
2305 3618 2369 3667 et
2388 3607 2479 3667 ni-

369 3719 489 3779 mia
505 3716 815 3779 celeritate
838 3715 981 3776 ferri
1004 3738 1021 3787 ;
1051 3714 1111 3775 in
1130 3716 1324 3777 verbis
1345 3715 1526 3806 etiam
1549 3717 1645 3777 vel
1666 3715 2088 3797 prolixioribus,
2107 3717 2204 3777 vel
2229 3715 2476 3778 durioris

366 3824 516 3897 soni,
561 3841 815 3903 quaeque
869 3820 1155 3883 difficilius
1194 3823 1586 3903 proferuntur,
1632 3823 1831 3884 literas
1858 3822 1999 3884 alias
2027 3823 2293 3895 emolliri,
2331 3823 2477 3885 alias

365 3928 673 4012 supprimi,
700 3943 996 4009 vocesque
1034 3927 1175 3988 alias
1200 3928 1263 3988 in
1286 3927 1505 4005 medio,
1542 3929 1684 3990 alias
1704 3928 1765 3988 in
1791 3928 1909 3989 fine
1945 3927 2172 4010 syllaba
2196 3928 2477 4004 macari,

362 4055 654 4116 verasque
701 4034 1055 4117 syllabarum
1100 4034 1457 4114 quantitates
1504 4035 1651 4096 mire
1690 4034 1900 4115 corripi
1922 4059 1940 4106 ς
1982 4033 2178 4094 multis
2215 4032 2475 4112 deniqu'e

364 4144 557 4205 modis
606 4141 756 4204 effici
802 4154 872 4203 ut
912 4125 1086 4225 quam
1114 4142 1413 4204 minimum
1453 4141 1736 4223 temporis
1778 4143 1933 4202 inter
1977 4138 2475 4201 confabulandum

362 4249 559 4312 verbis
584 4247 966 4333 proferendis
998 4247 1348 4329 insumatur,
1376 4249 1487 4313 nisi
1511 4250 1613 4312 ubi
1648 4246 2048 4312 vehementior
2076 4246 2367 4328 loquentis
2390 4246 2475 4308 af-
