2917 4900
488 366 637 447 xlii*
836 370 1110 439 JULII
1170 369 1615 438 CAESARIS
1675 374 2215 442 SCALIGERI

490 560 591 621 hoc
628 554 810 639 soie?
863 558 1090 638 quidda
1129 554 1327 617 faciet
1382 557 1644 636 quamue
1679 559 1931 639 fecerit?
1983 581 2152 641 quem
2188 582 2364 642 neque
2398 564 2590 642 pudet.

490 663 614 727 Ubi
638 664 901 738 verbum,
941 666 1065 735 ciet,
1104 662 1283 722 unica
1316 662 1545 743 syllaba
1584 674 1925 726 concretum
1956 666 2052 729 sit.
2136 667 2238 730 Sic
2283 667 2460 730 etiam
2505 689 2587 732 ex

489 769 731 832 Andriae
752 770 851 832 illo
878 768 1109 831 sibilum
1134 767 1389 841 abstulit,
1429 789 1552 829 non
1577 772 1738 832 unde
1766 772 2005 833 debuit:
2048 774 2170 851 quis
2188 774 2366 854 igitur
2390 784 2474 834 est
2499 796 2588 835 re-

485 879 652 938 lictus
678 878 1003 958 oly'urgctndi
1026 878 1175 936 lom
1192 873 1216 922 ἲ
1300 874 1545 935 sibilum
1572 876 1776 956 inquit,
1811 876 1874 935 in
1899 879 2260 958 pronomine,
2299 880 2438 958 quis,
2481 879 2589 939 eli-

488 983 665 1045 ditur.
726 984 814 1043 At
838 1003 980 1044 vero
1009 981 1500 1044 cumnecessario
1521 982 1813 1060 iambicus
1838 983 1933 1055 sit,
1974 982 2137 1042 nullo
2156 995 2336 1064 pacto
2355 983 2433 1043 ad
2453 1003 2604 1044 eume

487 1089 726 1150 modum
759 1108 967 1150 secare
1007 1089 1211 1169 possis,
1251 1091 1360 1151 sed
1396 1108 1472 1151 ex
1515 1088 1818 1169 participio
1856 1089 2152 1149 tollendus
2178 1100 2287 1150 est.
2375 1089 2499 1150 Sed
2525 1100 2610 1150 et-

487 1193 651 1255 illum
678 1195 832 1256 male
859 1195 1157 1256 dimetitus
1186 1207 1276 1256 est
1298 1195 1488 1273 :perii
1505 1194 1754 1255 obsecro.-
1795 1202 1909 1253 tam
1931 1193 2450 1274 infandumfacinus
2469 1214 2589 1253 mea
2679 1258 2684 1261 ,

486 1313 568 1375 tu,
597 1322 665 1362 ne
689 1304 875 1363 audi-oi
900 1305 1130 1383 quidem.
1186 1307 1381 1373 Quem
1418 1302 1565 1365 dicit
1588 1319 1718 1363 esse
1744 1298 2106 1361 trochaicum
2134 1298 2606 1361 catalecticum:-

483 1425 620 1467 cum
651 1407 728 1467 sit
757 1407 987 1488 integer
1024 1410 1345 1489 quadratus
1374 1406 1687 1487 jambicus,
1728 1424 1922 1485 neque
1954 1403 2034 1464 ad
2068 1403 2422 1465 trochaicum
2463 1413 2607 1464 tor-2

484 1510 651 1590 queri
676 1500 878 1591 possit.
963 1513 1129 1575 Sicut
1154 1526 1217 1575 et
1240 1513 1670 1595 praecedentem
1693 1509 1892 1570 illum:
1913 1509 2090 1591 forte¹
2113 1510 2189 1568 ad
2215 1529 2312 1568 nos
2336 1509 2604 1570 redierit:
2705 1542 2712 1545 Δ

484 1616 599 1676 vise
623 1619 811 1678 maha
845 1640 971 1678 mem
1010 1622 1087 1680 sit
1101 1625 1251 1699 Jam.
1259 1621 1412 1699 faxo
1436 1619 1598 1679 scias.
1678 1615 1836 1676 Nam
1857 1627 1927 1675 ut
1951 1615 2229 1676 evaderet
2255 1614 2577 1695 amphima-

482 1738 667 1794 cmm,
708 1740 825 1782 non
853 1735 945 1784 eat
980 1724 1196 1785 veritus
1231 1725 1463 1785 trahere
1502 1723 1592 1783 sui
1631 1719 1914 1783 trochaici
1946 1721 2194 1782 caudam
2220 1720 2399 1781 etiam
2422 1721 2604 1782 ultra·

483 1838 619 1888 octo
659 1829 877 1908 pedes:
916 1829 1028 1890 nisi
1072 1840 1330 1909 argutat,
1371 1832 1533 1902 scia-5,
1581 1847 1714 1889 esse
1755 1828 2242 1906 monosyllabum,
2284 1828 2392 1889 aed
2439 1847 2600 1889 cum.

372 1989 381 1997 ,
482 1950 686 1994 omnes
711 1934 803 1993 illi
821 1934 938 1995 sint
958 1934 1246 2015 quadrati,
1286 1935 1462 1996 etiam
1489 1934 1646 1994 hunc
1666 1933 1988 2012 jambicum
2013 1932 2230 2007 malim,
2270 1932 2431 1992 nulla
2454 1931 2578 1993 fac-

482 2045 544 2096 ta
567 2036 628 2095 in
654 2036 843 2117 prima
866 2058 1014 2100 voce
1041 2039 1362 2100 collisione.
1445 2038 1570 2107 Quo
1604 2040 1693 2097 ille
1720 2038 1868 2097 abire
1902 2037 2128 2116 ignaws
2144 2038 2319 2114 possit
2345 2037 2580 2115 longius,

480 2145 587 2204 nisi
606 2145 658 2203 si
677 2144 902 2204 domum.
983 2144 1058 2203 In
1081 2145 1331 2225 prologo
1357 2153 1554 2205 autem
1578 2142 1834 2215 Andriae,
1876 2160 1950 2202 eo
1969 2161 2179 2202 versu:
2219 2162 2342 2201 nam
2366 2142 2427 2201 in
2441 2162 2578 2219 pro-

481 2238 945 2330 logis'scribundis
965 2271 1179 2328 operam
1205 2238 1452 2312 abutitur
1465 2271 1488 2312 .·
1527 2272 1663 2312 oum
1677 2253 1901 2314 diceret
1920 2252 2078 2313 vocis
2096 2252 2288 2329 hujus,
2309 2252 2577 2330 prologis,

477 2358 723 2439 primam
749 2359 1030 2438 syllabam
1053 2374 1185 2421 esse
1211 2380 1249 2420 a
1273 2359 1554 2421 Terentio
1580 2358 1942 2440 productam,
1982 2358 2210 2419 addidit
2235 2372 2375 2425 sane
2400 2355 2582 2416 ratio.

477 2484 615 2525 nem
635 2451 937 2526 frivolam:
964 2466 1199 2539 Latina,
1225 2465 1432 2546 inquit,
1462 2465 1920 2528 consuetudine:
1947 2464 2154 2544 quibus
2179 2483 2304 2525 mos
2331 2472 2423 2524 est
2442 2481 2577 2523 eam

475 2571 946 2652 proepositionem
970 2572 1312 2651 productam
1336 2573 1575 2633 habere.
1656 2572 1814 2632 Nam
1856 2571 1916 2631 in
1956 2570 2185 2634 Latinis
2211 2569 2402 2631 verbis
2438 2589 2604 2650 pro-·

477 2677 714 2749 ducant,
763 2677 825 2735 in
863 2677 1092 2738 Graecis
1128 2687 1323 2737 autem
1361 2677 1709 2752 abstineant,
1749 2677 1857 2737 nisi
1884 2676 1997 2737 alia
2033 2676 2119 2735 vis
2156 2674 2376 2735 subsit:
2420 2675 2576 2734 siout

474 2780 536 2840 in
563 2780 676 2841 hac
699 2801 869 2854 voce,
910 2782 1012 2842 ubi
1038 2781 1259 2864 liquida
1283 2782 1386 2842 illa
1403 2782 1750 2861 geminatur,
1792 2783 1948 2843 si'cut
1964 2782 2026 2841 in
2049 2779 2574 2841 Heautontimoru-

474 2904 574 2945 mo
598 2906 614 2946 :
657 2896 923 2947 oratorem
957 2890 1128 2950 voluit
1156 2909 1271 2948 csse
1299 2908 1399 2960 me,
1434 2909 1539 2948 non
1565 2890 1869 2968 prollogwm
1890 2911 1910 2948 .-
1951 2897 2015 2948 et
2040 2906 2118 2949 ex
2141 2887 2391 2968 prologo
2420 2886 2599 2947 Tru··

473 2992 730 3055 calenti:
771 2995 868 3054 sed
896 2995 1173 3073 relliquam
1218 2994 1327 3054 dat·
1350 3013 1587 3071 operam,
1625 3014 1692 3052 ne
1735 2994 1813 3052 sit
1851 2993 2126 3071 reliquom.
2180 2992 2310 3052 «Er
2331 2992 2467 3052 illo:
2507 3002 2574 3052 nt
2637 3061 2649 3073 ἡ

463 3109 821 3178 Ραποεοατιιε
856 3102 1047 3179 ecquid
1080 3104 1196 3178 spei
1236 3102 1312 3160 sit
1348 3101 1627 3179 reliquum.
1709 3100 1870 3160 Nam
1906 3100 2016 3162 nisi
2050 3101 2167 3162 hoc
2194 3101 2346 3162 soliti
2372 3112 2573 3162 essent

470 3204 693 3278 facere,
735 3205 896 3266 mille
925 3206 1055 3266 aliae
1081 3206 1192 3265 viae
1220 3216 1388 3266 erant
1414 3205 1494 3266 ad
1518 3205 1727 3266 eadem
1753 3226 1909 3286 pene
1934 3206 2115 3267 verba
2137 3218 2311 3270 versu
2336 3207 2575 3267 conclu·

472 3309 690 3384 denda,
733 3322 801 3370 ut
835 3331 961 3372 rem
987 3331 1197 3372 novam
1224 3312 1485 3373 evitaret.
1570 3313 1791 3374 Verum
1825 3333 1979 3374 nova
2012 3291 2381 3396 nequaquam
2408 3326 2575 3377 erat:

470 3416 579 3476 sed
606 3417 682 3477 ab
711 3417 977 3478 Homero
1005 3437 1221 3498 usque:
1250 3437 1388 3479 nam
1415 3419 1477 3478 in
1493 3418 1730 3499 hymnis
1749 3424 1944 3499 μέλος,
1967 3420 2232 3481 in·Iliade
2258 3423 2462 3502 χόρια,
2485 3430 2574 3484 at·

469 3540 586 3601 que
622 3521 737 3581 alia
772 3521 1066 3600 produxit.
1149 3523 1459 3604 Etiamque
1487 3545 1647 3586 nunc
1674 3526 1876 3586 multae
1901 3527 2169 3588 nationes
2196 3527 2348 3589 adeo
2375 3547 2596 3588 crasse·

347 3699 355 3714 „
469 3644 602 3685 eam
637 3625 866 3685 literam
891 3627 1288 3706 pronuntient,
1332 3640 1400 3689 ut
1439 3629 1593 3689 intus
1636 3641 1765 3691 esse
1809 3630 2087 3711 aspiratio
2112 3632 2400 3705 videatur,
2444 3633 2570 3693 Ga·
2587 3649 2600 3676 ··

465 3730 603 3804 bali,
643 3730 908 3806 Arverni,
949 3733 1169 3808 Graeci,
1212 3734 1518 3813 Germani,
1569 3735 1843 3815 Ligures,
1904 3736 2162 3797 Taurini.
2203 3753 2208 3758 ·
2273 3739 2597 3800 Caeterum·

466 3835 645 3896 etiam
681 3834 798 3895 alia
832 3836 979 3898 ratio
1022 3849 1131 3911 est,
1173 3849 1239 3898 ut
1278 3850 1338 3900 et
1373 3859 1580 3901 versus
1602 3841 1702 3901 ille
1727 3840 1958 3922 prologi
1986 3853 2237 3916 constet,
2278 3861 2471 3923 neque
2497 3845 2570 3906 li..

462 3940 642 4021 quida
668 3941 1014 4021 geminetur.
1059 3944 1215 4006 Sane
1241 3944 1289 4005 si
1318 3964 1444 4006 eam
1472 3965 1681 4007 vocem
1710 3967 1844 4028 quoe
1862 3946 1921 4007 in
1945 3966 2021 4007 eo
2045 3966 2220 4007 versu
2244 3948 2430 4028 prima
2456 3959 2567 4023 est,

462 4065 580 4108 non
616 4048 894 4110 collidas:
938 4052 1100 4131 quod
1125 4072 1284 4133 soepe
1305 4051 1442 4112 alibi
1480 4063 1542 4113 et
1568 4052 1627 4111 in
1656 4072 1747 4124 ea,
1777 4063 1840 4112 et
1865 4052 1925 4111 in
1950 4052 2079 4113 aliis
2103 4052 2426 4114 factitatum
2453 4063 2599 4125 est.‚=

463 4150 615 4213 sicut
649 4153 705 4214 in
737 4154 1060 4217 Eunucho:
1103 4177 1212 4216 una
1236 4159 1319 4216 ire
1343 4175 1465 4217 cum
1499 4159 1674 4219 amica
1700 4160 2072 4236 imperatorem
2098 4160 2157 4219 in
2182 4160 2290 4219 via.
2374 4156 2446 4220 In
2475 4179 2569 4224 se·

462 4258 656 4322 cunda
681 4262 833 4323 enim
861 4262 1004 4326 sede
1033 4261 1303 4346 dactylus
1330 4276 1441 4340 est,
1485 4285 1679 4348 neque
1705 4265 2046 4345 praepositio
2073 4265 2386 4332 colliditur.
2449 4268 2564 4336 lta
