2917 4900
490 848 719 918 AELII
763 848 1166 931 DONATI,
1209 849 1299 916 V.
1331 850 1410 916 G.
1442 845 1941 915 ORATORIS
1987 845 2280 914 URBIS

595 1040 827 1100 aonAE,
857 1039 1205 1091 rmnuo
1236 1040 1314 1089 m
1346 1038 1811 1091 ruomronsu
1842 999 2179 1089 rausum.

1288 1285 1485 1320 -Q-

467 1502 707 1568 HANG
749 1505 1115 1581 comoediam,
1157 1505 1531 1568 manifestum
1574 1516 1689 1592 est,
1730 1504 1893 1587 prius
1929 1504 2004 1566 ab
2032 1503 2390 1587 Apollodoro

380 1603 494 1666 sub
534 1601 651 1664 alio
690 1603 946 1677 nomine,
986 1602 1106 1665 boc
1147 1613 1261 1678 est,
1297 1601 1806 1684 Ἑπιδικαζόμενον,
1851 1601 2066 1663 Graece
2110 1602 2391 1682 scriptam

379 1719 537 1775 esse,
557 1719 736 1781 quam
754 1700 971 1763 Latine
996 1720 1036 1762 a
1063 1700 1346 1763 Terentio
1367 1700 1760 1786 Phormionem.
1843 1700 2238 1767 Quamobrem
2259 1701 2391 1760 nul·

378 1798 444 1860 la
477 1796 769 1860 dubitatio
801 1809 913 1873 est,
941 1797 1098 1860 hanc
1132 1798 1318 1861 solam
1344 1815 1476 1858 esse
1519 1795 1618 1858 cui
1657 1816 1873 1858 nomen
1911 1808 2088 1877 poeta
2125 1807 2390 1860 mutave-

367 1895 498 1980 rit:
541 1905 606 1956 et
630 1913 828 1956 errare
857 1914 980 1969 eos,
1018 1895 1117 1977 qui
1152 1895 1214 1956 in
1245 1893 1362 1956 hac
1391 1893 1804 1955 Phormionem
1840 1894 2156 1975 parasitum
2181 1906 2396 1977 putant

378 2011 422 2053 a
446 1990 703 2054 formula
737 1990 872 2067 litis,
914 2011 1093 2073 quam
1129 1991 1472 2064 intenderit,
1512 1992 1912 2054 nominatum:
1967 2013 2147 2074 quum
2174 1993 2394 2055 Graeca

371 2088 588 2171 lingua
629 2089 809 2151 fiscus
863 2100 1132 2171 sparteus
1173 2090 1399 2171 (Gloss.
1421 2088 1656 2169 formio-
1690 2090 1958 2171 Κόφινος·
1997 2105 2277 2172 παρῆκται
2320 2091 2384 2151 δὲ

376 2188 501 2249 ἀπὸ
527 2194 626 2249 τοῦ
650 2187 1013 2264 Ἑλληνικοῦ,
1040 2173 1115 2256 ὣς
1143 2190 1175 2247 ὁ
1198 2181 1486 2255 ‘Hesiodum
1569 2186 1774 2249 Verba
1800 2187 2053 2249 Hesiodi
2078 2187 2393 2249 laudantur

373 2287 439 2346 in
469 2286 732 2367 Etymol.
774 2284 1047 2366 Magno:
1109 2284 1309 2353 Οἶσεις
1349 2282 1411 2344 δὲ
1442 2286 1508 2347 ἐν
1545 2289 1758 2365 «puppii.
1787 2285 1848 2345 in
1883 2303 2035 2346 voce
2074 2291 2394 2366 φορμίσκοι.
2420 2351 2443 2361 ,
2480 2363 2485 2368 .

373 2383 570 2445 Basil-
593 2381 764 2465 Mag.
782 2381 844 2442 in
866 2381 1213 2444 Exercitatt.
1236 2380 1445 2463 φορμός
1468 2382 1501 2442 ὁ
1523 2379 1900 2452 καλαθίσκος.
1964 2381 2210 2464 ΠῙΡίωι.
2231 2383 2272 2442 l.
2298 2388 2396 2445 12.

377 2484 444 2562 §.
479 2486 590 2545 18.
612 2480 672 2541 ff.
702 2481 778 2542 de
804 2481 971 2542 instr.
1014 2492 1076 2541 et
1102 2481 1258 2541 instr-
1274 2480 1605 2562 sormionae,
1635 2491 1690 2541 et
1728 2482 2005 2561 spongias,
2046 2492 2103 2542 et
2143 2502 2314 2555 amas,
2343 2491 2399 2542 et

373 2599 581 2658 scopas
605 2577 710 2657 1..)
737 2588 803 2639 et
826 2588 1087 2639 stramen
1116 2576 1421 2638 nauticum
1461 2575 1550 2638 sic
1594 2575 1827 2638 dicatur
1844 2599 1863 2638 ι
1900 2596 1940 2638 a
1981 2582 2148 2656 custus
2190 2579 2276 2638 rei
2302 2580 2397 2639 vel

369 2675 745 2761 capacitate,
773 2675 865 2735 vel
892 2674 1164 2749 utilitate,
1192 2674 1368 2736 etiam
1387 2676 1464 2736 ab
1495 2675 1865 2756 Apollodoro
1890 2675 2181 2757 parasitus
2209 2677 2395 2739 Phor-

369 2772 598 2835 mionis
624 2771 861 2834 nomine
888 2783 1275 2853 nuncupatur.
1358 2773 1516 2834 Hoec
1547 2772 1727 2854 igitur
1751 2773 1989 2855 proprie
2014 2784 2142 2835 tota
2166 2777 2398 2836 motoria

367 2883 498 2945 est,
530 2880 594 2932 et
620 2869 684 2930 in
718 2868 1020 2931 affectibus
1046 2870 1362 2932 constituta
1384 2891 1539 2952 pene
1577 2870 1908 2949 majoribus,
1936 2891 2111 2952 quam
2140 2873 2396 2933 comicus

367 2968 554 3029 stilus
591 2976 897 3048 posceret:
939 2966 1052 3026 nisi
1077 2967 1237 3048 quod
1272 2978 1397 3028 arte
1433 2979 1630 3050 poetae
1670 2969 1865 3030 omnia
1903 2969 2213 3030 moderata
2237 2981 2396 3031 sunt.

370 3063 624 3127 Primas
648 3063 712 3124 in
736 3083 812 3125 ea
835 3074 1056 3145 partes,
1082 3074 1149 3124 ut
1182 3065 1312 3146 ipse
1353 3075 1530 3146 poeta
1555 3066 1856 3147 professus
1884 3077 1994 3139 est,
2023 3078 2191 3128 tenet
2218 3068 2397 3128 Phor·

367 3164 516 3237 mio,
558 3161 857 3224 secundas
888 3160 1058 3234 Geta,
1086 3162 1293 3223 tertias
1321 3162 1592 3241 Demipho
1612 3184 1633 3222 .-
1669 3163 1919 3225 subinde
1958 3165 2182 3239 caeteri,
2220 3178 2398 3247 prout

362 3265 674 3341 cujusque
700 3269 868 3320 actus
907 3259 1183 3320 ostendit.
1265 3259 1554 3339 Prologus
1583 3260 1950 3322 Phormionis
1989 3259 2159 3322 nimis
2200 3262 2400 3324 conci-

363 3369 551 3421 tatus
578 3354 872 3429 est,‘adeo
898 3365 965 3415 ut
988 3355 1117 3436 ipse
1145 3366 1334 3417 semet
1370 3356 1553 3418 veluti
1592 3358 1987 3439 reprehendat
2013 3357 2091 3418 ob
2131 3358 2285 3420 hanc
2311 3360 2397 3440 ip-

363 3477 516 3520 sm
541 3453 953 3538 pervicaciam,
977 3463 1040 3513 et
1057 3453 1228 3514 simul
1255 3465 1665 3535 argumentum
1693 3476 1814 3516 suae
1837 3456 2202 3537 purgationis
2226 3457 2400 3518 indu-

362 3564 500 3618 cat.
590 3553 798 3633 Atque
834 3551 896 3612 in
945 3570 1020 3614 ea
1057 3572 1237 3633 quum
1277 3564 1340 3615 et
1377 3553 1646 3634 protasiS,
1688 3564 1750 3614 et
1797 3553 2053 3634 epitasiS,
2104 3565 2167 3615 et
2207 3566 2397 3617 catas-

360 3649 607 3733 trophe
649 3648 850 3730 magni
880 3648 1189 3710 moliminis
1229 3661 1293 3710 et
1332 3650 1555 3731 negotii
1592 3650 1742 3712 sint:
1786 3650 1873 3711 ita
1896 3651 2067 3711 variis
2099 3651 2399 3734 leporibus

360 3757 811 3832 asperguntur,
838 3757 908 3807 ut
933 3746 1109 3807 etiam
1136 3766 1335 3808 rerum
1366 3747 1613 3809 tristium
1650 3746 1999 3827 gravitatem
2037 3762 2217 3830 poeta
2254 3752 2400 3833 lepi-

360 3850 494 3910 dus
529 3847 767 3908 comica
804 3845 1121 3905 serenitate
1148 3844 1501 3925 tranquillet.
1585 3845 1745 3906 Hoec
1782 3854 1920 3906 acta
1955 3856 2048 3907 est
2083 3846 2233 3909 ludis
2261 3849 2399 3911 Me-

357 3943 754 4029 galensibus,
782 3940 973 4002 Lucio
1010 3940 1286 4003 Cornelio
1313 3941 1556 4003 Merula
1582 3941 1769 4002 AEdili
1799 3941 2022 4014 Curuli,
2061 3954 2123 4003 et
2148 3944 2224 4005 L.
2256 3946 2400 4008 Pos-

357 4039 632 4105 thmnio·
651 4037 910 4100 Albino:
960 4038 1272 4118 agentibus
1306 4038 1383 4102 L.
1414 4038 1620 4101 Cassio
1658 4038 1891 4115 Attilio‚
1919 4050 1982 4100 et
2003 4040 2082 4102 L.
2115 4043 2403 4106 Ambivio.

354 4139 606 4204 modos
647 4136 904 4199 faciente
945 4137 1161 4199 Flacco
1204 4135 1437 4198 Claudii
1478 4137 1601 4198 filio
1641 4137 1796 4199 tibiis
1835 4137 2119 4211 Serranis,
2165 4149 2402 4223 totaque

347 4234 673 4323 „diverbia
709 4233 1104 4308 facetissimis,
1133 4244 1195 4294 et
1223 4245 1458 4313 gestum
1491 4235 1957 4297 desiderantibus
1992 4236 2312 4312 scenicum,
2341 4252 2404 4302 et

351 4331 749 4402 suavissimis
787 4342 998 4400 ornata
1033 4330 1280 4396 canticis
1313 4332 1442 4396 fuit.
1530 4333 1823 4415 Editaque
1869 4344 1962 4395 est
2001 4345 2210 4415 quarto
2245 4337 2402 4411 loco,
