2917 4900
853 386 983 451 m:
1048 388 1431 455 METRIS
1493 392 1937 463 coMICIS.
2259 400 2434 463 cxiii!

332 574 487 635 aba
506 570 676 654 quasi
694 573 889 634 anima
904 585 1020 647 est,
1040 575 1397 656 respiciunt3
1423 576 1472 636 si
1493 596 1567 638 ea
1582 579 1777 641 brevis
1799 579 1898 652 sit,
1929 579 2218 663 syllabam
2243 602 2350 662 pro
2370 582 2441 643 li-

330 680 462 741 bitu
482 679 824 761 corripiunt.
888 680 1081 762 quue
1120 703 1243 745 non
1291 683 1353 744 in
1398 684 1616 747 ultimis
1649 685 1831 746 modo
1865 686 2172 747 verborum
2201 686 2441 767 syllabis

322 788 666 851 factitatum
688 802 800 865 est,
842 790 948 852 sed
994 791 1055 850 in
1096 791 1221 852 aliis
1264 792 1437 853 etiam
1474 794 1786 873 quibusvis,
1821 794 2048 867 mediis,
2089 795 2310 876 primis,
2329 794 2441 858 nisi

330 906 534 957 contra
561 898 761 965 obstet
788 909 1110 972 accentum
1151 910 1392 961 acutum
1431 898 1596 960 illum
1637 899 1903 981 intelligo
1929 911 2214 974 tenorem,
2247 901 2344 980 qui
2381 900 2444 961 in

330 1002 491 1063 omni
535 1022 687 1066 voce
732 1022 882 1065 unus
914 1015 1024 1077 est,
1063 1004 1464 1085 syllabamque
1502 1026 1677 1088 quam
1720 1008 1882 1068 acuit
1921 1027 2045 1087 prae
2090 1008 2303 1069 ceteris
2341 1009 2440 1067 in-

326 1108 543 1182 tendit,
572 1118 637 1169 et
672 1109 1039 1170 intendendo
1058 1128 1215 1171 verae
1235 1115 1362 1187 ejus
1384 1112 1696 1192 quantitati
1718 1114 1972 1194 aliquam
1993 1133 2205 1174 novam
2233 1114 2437 1193 addit3

330 1237 470 1282 cnm
488 1217 818 1278 intentione
834 1217 937 1277 illa
955 1222 1142 1294 major
1162 1218 1525 1299 aliquantum
1544 1238 1710 1281 mora
1727 1219 1790 1278 in
1811 1229 1986 1280 acuta
2001 1222 2440 1301 pronuntianda

329 1322 659 1385 insumatur
676 1345 696 1385 ε
734 1323 877 1385 alias
912 1323 1261 1403 positionem
1296 1323 1477 1385 facile
1498 1324 1828 1406 negligunt,
1857 1327 2155 1407 proecipue
2198 1326 2440 1408 quidem

324 1428 491 1493 illam
531 1449 670 1510 quse
706 1449 782 1491 ex
828 1431 1039 1492 eadem
1082 1450 1340 1491 consona
1382 1426 1679 1511 geminata
1706 1430 1907 1506 oritur,
1936 1451 2071 1492 cum
2116 1431 2439 1517 antiquitus

328 1535 623 1614 ejusmodi
645 1555 822 1598 voces
863 1536 1035 1603 litera
1069 1535 1334 1617 simplice
1380 1536 1616 1617 scriptoe
1665 1547 1899 1609 essent3
1940 1537 2080 1597 dein
2105 1538 2263 1598 illam
2301 1558 2439 1619 qum

330 1642 401 1704 fit
440 1661 516 1709 ex
546 1653 714 1707 muta
739 1652 802 1709 et
840 1640 1083 1725 liquida,
1128 1651 1230 1703 aut
1269 1661 1345 1704 ex
1381 1641 1679 1722 quibusvis
1717 1641 1843 1702 aliis
1887 1643 2158 1705 consonis
2201 1664 2335 1725 quae
2377 1645 2440 1711 in

329 1747 493 1809 vocis
513 1748 681 1810 initio
703 1749 973 1811 connecti
993 1759 1257 1829 possunt,
1280 1748 1441 1815 nulla
1461 1747 1650 1811 vocali
1678 1748 2033 1829 interposita.
2077 1748 2200 1813 Sed
2219 1770 2334 1812 nec
2353 1751 2441 1815 in·

332 1866 428 1916 tra
455 1856 568 1917 hos
594 1856 743 1917 fines
763 1876 830 1918 se
870 1857 1321 1927 continuerunt;
1362 1872 1733 1935 quaecunque
1761 1872 2037 1915 consonae
2072 1854 2312 1917 brevem
2337 1875 2441 1917 ro·

333 1961 525 2024 calem
546 1961 862 2043 excipiant,
898 1962 1103 2027 sivein
1136 1962 1366 2034 eadem,
1408 1960 1614 2025 sivein
1635 1960 1883 2020 diversis
1901 1959 2161 2035 vocibus,
2181 1961 2438 2041 longitu-

333 2067 531 2131 dinem
559 2088 693 2149 quoe
720 2068 930 2130 exinde
953 2069 1199 2151 syllabae
1221 2068 1529 2140 accrescit,
1558 2087 1668 2150 pro
1688 2067 1871 2127 nihilo
1899 2049 2141 2139 hebent,
2164 2078 2227 2127 et
2246 2067 2296 2129 si
2315 2087 2442 2163 ver·

332 2195 431 2237 sus
448 2177 536 2238 ita
569 2176 847 2257 postulet,
885 2176 1016 2236 ilico
1036 2176 1391 2257 corripiunt:
1428 2175 1627 2247 immo,
1654 2174 1813 2253 quod
1833 2172 2019 2252 magis
2044 2173 2278 2246 mirere,
2314 2194 2441 2234 ma.

324 2282 595 2347 lunthac
624 2280 977 2362 corripiendi
1013 2281 1250 2341 licentia
1270 2280 1375 2353 uti,
1416 2280 1645 2343 etiamsi
1672 2280 1849 2341 facile
1887 2281 1963 2340 ab
1990 2300 2064 2341 ea
2093 2300 2303 2342 cavere
2332 2302 2438 2365 po·

324 2390 603 2468 'missent5
638 2409 815 2472 quam
850 2409 1059 2451 vocem
1083 2383 1658 2470 dissyllabam‘cujus
1686 2385 1875 2468 prima
1909 2386 2102 2447 brevis
2129 2398 2240 2460 est,
2269 2386 2330 2447 in
2352 2388 2438 2447 di-

332 2516 528 2558 versos
576 2497 761 2578 pedes
801 2495 1145 2568 distrahere,
1196 2515 1333 2556 cum
1379 2495 1603 2554 crebrae
1651 2512 1894 2553 caesuroe
1921 2493 2241 2553 orationem
2267 2494 2437 2555 nimis

335 2601 684 2682 exquisitam
728 2613 792 2664 et
824 2602 1202 2677 elaboratam,
1242 2618 1616 2662 numerosam
1636 2598 1805 2660 nimis
1847 2609 1907 2659 et
1944 2618 1982 2660 a
2014 2598 2277 2680 pedestri
2314 2619 2440 2663 ser·

326 2726 515 2774 ‚mone
538 2720 830 2772 remotam
856 2709 1092 2774 faciant.

415 2814 593 2882 Quod
618 2815 848 2876 videtur
872 2815 1048 2877 etiam
1075 2816 1136 2875 in
1164 2836 1343 2878 causa
1356 2817 1560 2890 fuisse,
1589 2837 1698 2878 cur
1712 2817 1886 2879 toties
1903 2817 2154 2879 creticos
2181 2819 2440 2900 quamvis

336 2941 457 2983 uno
482 2933 753 3003 tempore
769 2928 930 3000 justo
957 2923 1268 3003 longiores,
1300 2923 1746 2985 ditrochaeorum
1773 2934 1965 3008 partes
1991 2909 2261 2985 fecefint.
2302 2925 2444 2986 Hoc

339 3029 492 3094 enim
534 3049 943 3112 saepenumero
986 3031 1074 3118 ab⁸
1104 3029 1177 3089 iis
1212 3029 1433 3092 factum
1461 3031 1649 3110 quivis
1675 3029 1846 3091 facile
1874 3029 2126 3101 viderit;
2170 3030 2279 3090 sed
2309 3029 2437 3091 cre-

339 3136 480 3197 ticos
509 3146 799 3216 quatenus
828 3136 1080 3197 creticos
1119 3156 1238 3197 non
1276 3148 1645 3217 receperunt,
1685 3157 1816 3197 cum
1845 3137 1956 3196 iste
1983 3157 2091 3218 pes
2119 3138 2194 3196 ab
2219 3136 2312 3197 his
2338 3157 2442 3220 ge-

337 3243 574 3303 neribus
604 3242 839 3303 omnino
866 3243 1212 3303 abhorreat:
1258 3243 1367 3304 hos
1393 3225 1573 3323 igitur
1604 3243 1811 3324 pedes,
1856 3243 1999 3302 licet
2025 3263 2232 3303 revera
2260 3243 2436 3306 creti·

338 3367 457 3422 cos,
485 3367 556 3409 ac
580 3348 825 3429 proinde
864 3347 1122 3428 quinque
1150 3358 1497 3429 temporum,
1526 3350 1785 3410 versibus
1812 3350 1932 3409 suis
1959 3350 2289 3411 immiscent
2315 3352 2442 3431 qui·

341 3454 493 3525 dem,
537 3453 647 3514 sed
687 3454 797 3514 sub
823 3452 938 3513 alia
965 3454 1217 3534 quadam
1259 3454 1498 3534 specie;
1546 3476 1706 3516 nunc
1742 3456 1944 3542 utique
1990 3455 2234 3537 dactyli,
2279 3477 2439 3518 nunc

340 3561 643 3642 δωρεαὶ,
691 3561 878 3641 prima
921 3561 1148 3622 scilicet
1191 3561 1285 3622 vel
1332 3560 1535 3621 ultima
1559 3580 1666 3641 pro
1714 3571 1986 3644 correpta
2022 3561 2244 3633 habita,
2273 3583 2436 3624 nunc

336 3666 602 3748 spondei,
631 3667 852 3730 extrita
876 3667 1072 3728 media
1096 3667 1309 3747 vocali,
1336 3667 1524 3726 vicem
1550 3669 1857 3727 sustinent.
1915 3667 2265 3728 Maluerunt
2290 3669 2444 3729 scili-

341 3783 433 3833 cet
458 3772 754 3853 prosodiae
780 3773 945 3851 leges
991 3772 1347 3851 aliquantum
1381 3771 1616 3846 violare,
1649 3789 1824 3854 quam
1861 3794 1897 3834 a
1923 3773 2206 3835 sermonis
2235 3783 2444 3836 natura

338 3890 399 3938 et
425 3875 839 3959 pronuntiandi
883 3877 1301 3938 consuetudine
1338 3877 1575 3937 nimium
1624 3880 1934 3949 recedere;
1983 3899 2115 3939 cum
2142 3880 2266 3942 istis
2295 3880 2441 3960 legi-

322 3985 446 4050 ,bus
472 3984 720 4065 obsequi
745 4002 863 4043 non
887 3984 1205 4064 potuerint,
1233 3983 1343 4046 nisi
1372 3985 1592 4046 crebris
1621 3986 1858 4046 coesuris
1884 3997 2203 4061 uterentur,
2233 3999 2294 4047 et
2311 4008 2441 4052 ver-

324 4092 539 4156 borum
567 4092 855 4154 creticum
881 4092 1095 4172 pedem
1124 4092 1596 4152 constituentium
1623 4091 1855 4151 ultimas
1883 4091 2198 4171 syllabas-a
2232 4092 2438 4172 priori·

340 4197 452 4260 bus
472 4197 791 4278 soepissime
820 4196 1184 4258 divellerent.
1228 4197 1370 4257 Hoc
1390 4207 1590 4257 autem
1617 4216 1734 4256 non
1758 4196 1935 4257 modo
1960 4195 2020 4256 in
2047 4196 2288 4275 singulis
2310 4218 2439 4258 ver-

316 4301 452 4386 2¹³³&
481 4322 617 4373 cum
653 4302 878 4368 cretico
920 4322 1090 4392 pares
1116 4313 1338 4377 essent,
1368 4302 1592 4372 factum
1621 4313 1732 4376 est,
1768 4302 1875 4364 sed
1903 4322 2064 4388 saepe
2093 4301 2270 4378 etiam
2299 4323 2436 4368 cum
