2917 4900
822 940 827 947 ’
876 944 1295 1007 JOActh
1330 946 1835 1009 CAMERARH

476 1344 483 1351 ·
608 1290 1231 1376 COMICIS
1348 1290 2104 1378 VERSIBUS

1122 1539 1617 1598 DlA'rRIBA.

1263 1800 1455 1835 *-

402 2054 524 2115 DE
568 2053 778 2115 Plauto
817 2052 1145 2147 fabularum
1187 2053 1431 2115 istarum
1456 2068 1665 2119 autore
1705 2079 1900 2139 pauca
1939 2059 2150 2136 dicam,
2192 2065 2254 2125 in
2297 2067 2416 2147 pri-

298 2161 438 2222 .mis
465 2172 529 2220 ut
553 2170 793 2223 constet
832 2179 950 2240 quo
988 2171 1253 2240 tempore
1281 2160 1518 2224 vixerit.
1588 2165 1771 2227 Hunc
1798 2167 2113 2231 incidere
2095 2192 2160 2230 m
2185 2184 2421 2234 aetatem

322 2268 609 2330 Catonis:
639 2287 760 2348 quo
787 2278 850 2327 et
877 2267 1006 2348 ipso
1035 2286 1280 2329 censore
1307 2279 1607 2330 mortuum
1633 2290 1782 2347 enee,
1809 2274 2038 2359 scripsit
2059 2277 2293 2350 Cicero,
2315 2298 2422 2339 an-

320 2386 387 2435 te
415 2394 480 2435 se
509 2374 651 2434 Cos.
676 2372 864 2435 CLX.
893 2372 1079 2446 annis,
1101 2373 1219 2434 hoc
1248 2384 1357 2447 est,
1386 2373 1563 2434 abV.
1586 2376 1658 2436 C.
1681 2377 1913 2440 circiter
1938 2380 2020 2441 D.
2051 2382 2121 2443 Ρ.
2149 2383 2421 2457 Claudio,

324 2483 405 2543 L.
434 2483 635 2550 Portio
674 2483 841 2543 Coss.
868 2481 1057 2558 Cujus
1098 2479 1309 2553 matie,
1350 2479 1413 2539 in
1441 2500 1617 2559 quam
1659 2483 1895 2544 Naevius
1923 2506 2158 2568 quoque
2183 2490 2427 2550 includi-

324 2602 445 2662 tur,
470 2589 787 2670 participes
813 2588 985 2649 fuere
1010 2587 1166 2647 ultra
1192 2587 1459 2666 citraque
1489 2586 1731 2661 Ennius,
1764 2589 2058 2663 Coeciliue,
2110 2592 2417 2667 Pacuvius,

308 2696 668 2759 ,Terentius
708 2696 1029 2758 Pacuvium
1058 2695 1295 2776 quidem
1317 2715 1390 2755 ac
1419 2692 1722 2757 Coecilium
1752 2695 1905 2757 male
1930 2697 2180 2773 locutos,
2209 2700 2424 2763 cicero

326 2802 436 2863 ait.
472 2803 725 2862 Ennium
768 2813 830 2863 et
868 2801 1140 2861 Naevium
1165 2803 1397 2882 probat.
1456 2800 1581 2862 Sed
1618 2813 1821 2862 nostro
1848 2803 2039 2863 studio
2064 2806 2306 2868 relictus
2329 2821 2427 2869 est

303 2946 309 2952 ·
332 2910 582 2971 Plautus
610 2921 679 2974 et
697 2909 1013 2971 Terentius
1040 2919 1284 2970 tantum.
1325 2908 1425 2969 De
1449 2908 1541 2968 his
1565 2907 1745 2988 igitur
1769 2909 2023 2990 petenda
2046 2911 2235 2974 forma
2259 2914 2425 2975 Lati-

330 3039 427 3078 ne
452 3017 785 3090 locutionis,
815 3027 876 3077 et
904 3017 1281 3079 sternendum
1314 3015 1482 3096 quasi
1507 3015 1717 3088 nolum,
1764 3035 1939 3096 super
1964 3036 2082 3097 quo
2110 3019 2297 3080 oratio
2322 3021 2429 3080 bo-

328 3143 409 3184 na
427 3135 488 3183 et
507 3122 741 3195 diserta,
762 3122 958 3184 verbis
978 3134 1042 3183 et
1056 3121 1356 3183 sententiis
1383 3132 1523 3202 apte
1545 3131 1883 3182 constructe
1909 3122 2247 3186 collocetur.
2288 3125 2429 3186 'Non

331 3229 490 3290 enim
518 3228 885 3308 compositio,
906 3246 1101 3309 neque
1127 3226 1305 3286 veluti
1326 3226 1640 3287 oedificatio
1661 3226 1848 3306 qualis
1868 3246 1999 3288 esse
2019 3228 2241 3290 debent
2253 3230 2427 3306 illius,

329 3334 470 3394 hinc
505 3334 787 3413 cognosci
814 3344 877 3393 et
911 3333 1058 3393 disci
1092 3343 1312 3413 potest.
1375 3331 1572 3392 Etiam
1615 3332 1912 3392 munditioe
1936 3343 2003 3394 et
2026 3333 2222 3408 nitori,
2254 3348 2336 3409 et,
2363 3349 2431 3398 ut

328 3440 416 3502 ita
440 3440 652 3513 dicam,
680 3440 1033 3501 innocentiae
1067 3459 1142 3500 ac
1182 3438 1501 3517 integritati
1548 3436 1830 3498 sermonis
1872 3439 2186 3519 antiquitas
2228 3442 2429 3516 officit,

332 3565 471 3606 cum
512 3546 650 3625 quia
680 3546 940 3608 omnium
983 3564 1177 3605 rerum
1222 3554 1314 3603 est
1344 3562 1456 3603 sua
1488 3542 1805 3604 elaboratio
1832 3554 1895 3604 et
1930 3546 2257 3625 pei-politio,
2299 3569 2437 3628 qum

310 3651 622 3733 ‚perfectio
649 3649 1074 3712 existimanda:
1122 3662 1248 3711 tum
1293 3652 1451 3731 quod
1491 3651 1746 3720 studium
1775 3651 2084 3731 elegantiae
2110 3664 2178 3713 ut
2201 3654 2265 3714 in
2291 3656 2432 3730 vita,

336 3760 426 3820 uic
461 3777 730 3819 sermone
774 3778 1008 3840 quoque
1048 3758 1150 3820 illa
1175 3779 1292 3820 ιιοιι
1320 3756 1639 3840 usurpavit.
1681 3758 2053 3838 Quapropter
2078 3763 2435 3839 posteriores

334 3867 411 3925 in·
426 3883 692 3925 sermone
717 3864 974 3944 priorum
1002 3864 1282 3925 nonnulla
1301 3874 1599 3926 mutarunt
1615 3864 2018 3936 emendantes,
2043 3866 2289 3928 formam
2303 3889 2434 3945 cer·

336 3983 403 4033 te
432 3970 857 4051 componendo,
903 3980 965 4031 et
1008 3969 1176 4050 quasi
1228 3949 1702 4049 coagmentendo
1741 3980 1919 4049 atque
1964 3972 2438 4037 reconcinnando

340 4075 725 4136 reddiderunt
751 4086 816 4135 et
841 4073 1234 4154 pulchriorem
1263 4085 1322 4136 et
1348 4075 1670 4136 meliorem.
1713 4076 1864 4144 Haec
1885 4080 2010 4156 jam
2036 4078 2139 4138 illu
2157 4089 2247 4140 est
2269 4093 2440 4145 cerm

342 4194 409 4240 et
435 4191 723 4254 constans,
751 4191 931 4261 atque
954 4180 1210 4240 omnium
1236 4180 1579 4240 eruditionis
1607 4191 1783 4261 atque
1804 4182 2085 4243 bonarum
2103 4185 2314 4247 artium
2331 4210 2441 4251 eu.

310 4286 613 4367 ‚fidorum
638 4286 943 4350 imitationi
969 4287 1097 4349 nola
1122 4287 1438 4368 proposita,
1472 4287 1794 4364 Ciceronis,
1823 4299 1885 4350 et
1913 4307 2112 4351 eorum
2142 4294 2243 4373 qui
2265 4309 2444 4360 aetat·
