2917 4900
740 395 879 457 DE
936 387 1346 456 METRIS
1407 382 1888 461 commis.
2047 393 2059 403 “
2144 388 2359 449 cxxiii*

352 578 507 640 Haec
553 586 755 639 autem
800 596 875 639 ea
911 576 1041 637 fere
1093 585 1231 636 sunt
1269 591 1403 653 ques
1442 569 1528 630 “de
1569 568 1818 631 licentiis
1861 568 2113 633 dicenda
2157 570 2361 643 habui,

272 705 508 765 quarum
538 684 820 765 quasdam
845 682 906 742 in
931 682 1220 762 prosodiae
1246 681 1413 759 leges
1439 687 1503 738 et
1538 675 1953 751 pronuntiandi
1991 675 2249 736 rationes
2275 676 2363 735 ni·

276 791 445 851 mium
486 809 745 870 peccare
780 808 899 861 non,
925 786 1283 848 diffitendum
1324 796 1437 845 est.
1522 782 1646 845 Sed
1669 781 1799 841 istae
1838 780 2135 859 pleraeque
2162 799 2366 840 omnes

274 895 558 956 Plautinae
583 904 750 966 sunt;
798 894 1101 954 Terentius
1130 905 1191 951 et
1216 891 1456 953 modum
1485 887 1769 959 adhibuit,
1812 887 1972 965 quod
1999 886 2078 946 ad
2102 886 2368 951 licentia.-

274 1019 396 1059 rum
422 1020 748 1072 numerum,
780 1012 843 1060 et
867 1000 1009 1059 miro
1037 998 1275 1059 delectu
1309 1016 1445 1057 usus
1475 1006 1584 1068 est,
1612 993 1770 1074 quod
1794 994 1873 1054 ad
1902 1012 2100 1054 earum
2125 1012 2367 1074 genera,

274 1116 332 1167 et
357 1094 393 1166 a
417 1125 537 1165 non
561 1106 773 1185 paucis
798 1105 1033 1185 penitus
1060 1102 1363 1165 abstinuit.

348 1211 411 1270 Is
438 1210 678 1291 quidem
702 1222 823 1271 tam
852 1220 1013 1270 caste
1047 1209 1185 1289 egit,
1215 1221 1335 1270 tam
1370 1230 1583 1291 parcus
1608 1208 1720 1269 fuit
1745 1209 1804 1269 in
1828 1208 2076 1269 licentiis
2111 1208 2368 1287 utendis,

274 1315 337 1376 iis
360 1316 684 1396 praesertim
711 1336 844 1395 quse
874 1336 1044 1377 veras
1084 1319 1391 1377 verborum
1435 1317 1789 1397 quantitates
1826 1326 2044 1395 augent
2078 1326 2254 1400 atque
2281 1315 2370 1373 in·

275 1421 541 1494 tendunt,
589 1431 658 1481 ut
696 1441 858 1501 saepe
900 1422 962 1482 in
986 1424 1266 1500 joenhicis,
1307 1442 1445 1483 cum
1487 1424 1806 1485 licentiam·
1829 1422 2144 1483 adhibitam
2179 1431 2368 1502 putee,

274 1527 407 1588 dum
432 1525 494 1586 in
519 1527 778 1607 legendo
803 1526 1082 1607 legitimae
1124 1529 1578 1608 pronuntiationi
1605 1542 1668 1590 et
1701 1529 1952 1591 sectioni
1979 1528 2039 1587 in
2067 1528 2374 1588 ditrochae-

274 1652 335 1693 os
357 1634 773 1712 obtemperas3
814 1633 863 1693 si
893 1644 1092 1693 tamen
1113 1654 1347 1694 versum
1375 1635 1455 1694 ad
1494 1655 1665 1695 veros
1691 1635 1878 1715 pedes
1908 1634 2130 1713 exigas,
2157 1635 2374 1694 nullam

272 1738 325 1799 ei
367 1739 758 1799 sustentando
806 1738 1103 1799 licentiam
1148 1740 1533 1801 necessariam
1584 1761 1714 1801 esse
1760 1740 2191 1819 deprehendam
2236 1739 2370 1799 vide

270 1844 433 1905 And.
462 1844 513 1903 1.
540 1850 600 1907 5.
630 1848 773 1905 542·
832 1845 998 1903 And.
1029 1844 1080 1902 Ι.
1111 1847 1172 1905 5.
1205 1845 1341 1904 14!
1393 1847 1559 1907 And.
1588 1847 1698 1906 IV.
1733 1852 1788 1907 1.
1817 1850 1918 1907 58.
1978 1845 2132 1904 Eun.
2169 1844 2284 1905 ΠΙ.
2312 1849 2374 1906 δι

274 1956 365 2012 12.
442 1951 599 2012 Eun.
628 1950 740 2010 IV.
767 1956 828 2012 3.
856 1955 934 2012 23
964 1963 1028 2010 et
1053 1956 1112 2011 4«.
1138 1953 1241 2012 6:¹⁶
1312 1951 1469 2012 Eun.
1497 1952 1575 2014 V.
1609 1958 1666 2013 1.
1701 1955 1836 2016 17³
1908 1951 2133 2010 Heaut.
2162 1950 2282 2009 111.
2316 1955 2372 2010 1.

273 2057 367 2118 6³
440 2056 667 2116 Heaut.
705 2055 781 2142 V.
832 2061 885 2117 1.
935 2060 1077 2117 50.ψ
1141 2057 1299 2116 Hec.
1342 2057 1451 2117 1V.
1502 2065 1555 2121 1.
1601 2065 1703 2121 46.
1776 2059 1936 2119 Hec.
1975 2056 2087 2116 IV.
2128 2060 2189 2117 2.
2229 2058 2370 2118 29³·

277 2158 514 2221 Phorm.
548 2159 601 2219 1.
629 2164 689 2220 2.
716 2160 856 2221 962·
902 2159 1137 2218 Phorm.
1165 2159 1285 2219 ΙΙΙ.
1318 2164 1374 2220 1.
1408 2166 1504 2222 10.
1558 2162 1798 2223 Phorm.
1826 2163 1946 2221 111.
1974 2166 2034 2223 2.
2064 2168 2163 2223 44.
2223 2164 2377 2230 Quas

276 2284 404 2327 cum
424 2266 717 2344 recog-im,
743 2265 1083 2326 Terentium
1105 2265 1185 2325 ad
1204 2283 1373 2325 veras
1393 2285 1602 2327 vocum
1623 2269 1975 2349 quantitates
1997 2270 2181 2348 magis
2201 2290 2378 2350 quam
2409 2321 2416 2329 .

278 2373 347 2431 ad
373 2370 791 2453 pronuntiandi
818 2371 1069 2433 rationes
1096 2373 1351 2435 animum
1378 2375 1439 2434 in
1471 2376 1731 2456 pluribus
1759 2376 2074 2437 advertisse
2104 2377 2375 2446 arbitron

278 2478 527 2562 ideoque
555 2489 719 2539 muto
736 2481 863 2558 jam
889 2482 1233 2541 sententiam
1260 2482 1320 2541 in
1347 2482 1416 2542 iis
1446 2502 1523 2541 ex
1548 2482 1694 2542 locis
1721 2483 1991 2554 laudatis,
2021 2484 2232 2562 quibus
2262 2488 2378 2567 gig.

281 2606 413 2646 uum
431 2588 556 2647 hoc
577 2592 617 2630 ὓ
639 2587 905 2667 apposui,
927 2598 991 2648 et
1017 2606 1222 2649 eorum
1248 2588 1541 2650 sectiones
1569 2589 1643 2649 ad
1667 2608 1835 2649 veras
1856 2590 2166 2650 verborum
2195 2612 2380 2671 quan-

282 2692 474 2754 titates
502 2692 711 2771 refingi
730 2692 927 2766 velim,
959 2683 1166 2754 contra
1199 2714 1272 2755 ac
1309 2696 1613 2776 putabam,
1642 2714 1778 2755 curn
1816 2705 1987 2754 notas
2031 2695 2105 2755 ad
2133 2716 2206 2758 ea
2246 2691 2407 2759 scri-'

286 2797 499 2873 berem,
531 2799 816 2860 Plautinis
840 2799 1087 2860 licentiis
1115 2819 1286 2880 aequo
1313 2812 1435 2860 tum
1466 2800 1620 2860 forte
1649 2799 1957 2860 addictior.

360 2907 487 2967 Sed
514 2917 579 2966 et
603 2907 733 2986 ipse
769 2926 1000 2986 quoque
1026 2906 1337 2967 Terentius
1376 2906 1437 2964 in
1476 2925 1673 2966 earum
1709 2926 1815 2965 usu
1856 2903 2068 2966 nimius
2094 2907 2386 2982 videbitur

283 3013 368 3086 iis,
399 3014 500 3096 qui
524 3014 692 3075 novis
728 3014 912 3078 solum
944 3013 1238 3094 Augustei
1263 3011 1447 3073 seculi
1474 3011 1662 3091 poetis
1698 3012 1964 3091 legendis
2002 3017 2384 3090 assueverint,

284 3123 505 3182 nullum
543 3142 685 3183 vero
716 3122 774 3183 in
798 3121 1093 3183 veteribus
1120 3122 1283 3182 hisce
1310 3119 1578 3198 legendis
1605 3128 1835 3199 tempus
1877 3120 2197 3199 posuerint.
2281 3124 2386 3183 Ab

286 3228 373 3290 his
399 3239 713 3310 quaeretur,
744 3247 850 3289 cur
888 3246 1003 3288 non
1037 3227 1345 3288 Terentius
1390 3226 1642 3286 eandem
1683 3224 1742 3285 in
1781 3225 2033 3303 numeris
2070 3227 2387 3305 puritatem

286 3335 620 3408 servaverit,
660 3354 732 3395 ac
763 3334 960 3398 Graeci
1002 3334 1063 3393 in
1099 3333 1218 3394 suis
1251 3332 1572 3404 comoediis,
1605 3344 1710 3393 aut
1747 3331 1941 3390 Latini
1979 3331 2152 3391 etiam
2180 3333 2289 3414 ipsi
2327 3337 2386 3397 in

287 3442 588 3523 trsgoediis
607 3427 1047 3522 componendis.
1129 3438 1305 3508 Quod
1332 3439 1409 3498 ad
1430 3438 1697 3508 Graecos,
1717 3437 1765 3498 si
1795 3437 2108 3499 Terentius
2137 3460 2240 3501 eos
2268 3422 2386 3504 non

292 3559 587 3609 assecutus
613 3559 707 3607 est
725 3547 840 3607 hac
861 3546 922 3605 in
947 3555 1132 3628 parte,
1161 3545 1221 3604 in
1239 3545 1366 3605 aliis
1389 3544 1544 3603 enim
1559 3564 1677 3603 non
1698 3562 1829 3604 raro
1848 3547 2165 3624 superavit,
2187 3548 2245 3608 id
2269 3572 2388 3612 non
2427 3544 2435 3557 ’

291 3667 482 3735 poetoe
530 3652 639 3713 sed
667 3652 881 3732 linguae
910 3651 1084 3733 culpa
1119 3650 1247 3711 fieri
1274 3663 1437 3731 puto,
1468 3671 1600 3731 quae
1628 3662 1750 3711 tam
1792 3652 1956 3723 dura,
2004 3664 2125 3713 tam
2163 3675 2389 3736 aspera,

292 3771 379 3821 tot
398 3759 668 3822 consonis
690 3760 944 3833 obsessa,
967 3769 1055 3819 tot
1077 3757 1409 3819 elisionibus
1432 3758 1707 3830 obnoxia,
1731 3771 1799 3818 ut
1821 3760 1981 3839 quod
1998 3761 2390 3827 Quintilianus

294 3866 452 3939 dixit,
494 3874 536 3905 ‘⁶
569 3866 778 3927 Sermo
812 3866 937 3946 ipse
966 3866 1268 3926 Romanus
1307 3885 1426 3950 non
1466 3864 1738 3945 recipere
1759 3863 2027 3924 videatur
2057 3866 2216 3928 illam
2253 3872 2391 3931 solis

297 3973 513 4037 Atticis
550 3991 890 4033 concessam
919 3970 1235 4043 Venerem,
1265 3972 1503 4051 quando
1533 3990 1664 4032 eam
1704 3991 1779 4030 ne
1810 3971 2012 4031 Graeci
2057 3973 2293 4052 quidem
2336 3979 2395 4037 in

292 4076 408 4137 alio
436 4098 654 4158 genere
681 4076 897 4156 linguae
926 4077 1332 4137 obtinuerint.”
1361 4077 1522 4158 quod
1545 4079 1621 4137 de
1649 4096 2017 4138 numerorum
2039 4089 2102 4138 et
2124 4061 2391 4142 versuum

289 4182 444 4262 apud
463 4185 710 4245 Graecos
730 4183 981 4263 puritate
1003 4193 1065 4243 et
1084 4184 1368 4246 suavitate
1384 4205 1504 4245 non
1529 4184 1717 4245 minus
1738 4204 1939 4244 verum
1968 4195 2078 4254 est,
2108 4205 2281 4263 quam
2312 4189 2390 4250 de

293 4289 411 4351 alia
440 4292 641 4373 quavis
685 4289 988 4353 comoediae
1016 4289 1241 4354 Grsecae
1278 4292 1633 4375 praestantia,
1675 4292 1832 4353 unde
1869 4302 2036 4352 tanta
2073 4290 2184 4351 illis
2220 4314 2392 4374 quam
