2917 4900
488 392 669 456 cxiv*
992 388 1124 454 DE
1187 390 1566 457 METRIS
1634 389 2072 456 conuols-

480 574 620 636 duoe
644 592 825 636 voces
845 574 923 635 ad
948 570 1169 656 pedem
1194 576 1371 637 istum
1400 574 1776 638 efficiendum
1800 583 2240 639 concurrerent.
2307 574 2612 639 Licentin‘

481 681 659 760 hujus
704 698 891 741 unum
932 681 1295 763 exemplum,
1352 682 1462 743 sed
1497 683 1732 764 insigne
1759 681 2077 745 admodum
2105 682 2265 744 dabo
2291 701 2373 745 ex
2401 683 2602 746 Plauti

486 782 852 849 Trinummo.
879 785 966 847 11.
995 787 1049 849 Ι.
1081 791 1221 853 172.

803 918 953 979 Qn‘
972 935 1121 983 neque
1142 919 1794 971 fn-tunnoe=tnetnunt-
1813 928 1966 972 umen
1986 921 2092 973 il=li
2114 922 2289 974 sciunt.

479 1031 541 1094 in
566 1032 685 1096 hoc
710 1053 884 1096 versu
910 1032 1092 1095 cuivis
1116 1033 1494 1095 manifestum
1521 1048 1612 1098 est
1629 1037 1778 1099 duos
1806 1056 1936 1098 esse
1964 1036 2152 1118 pedes
2180 1036 2457 1111 creticos,
2486 1036 2598 1098 sed

482 1139 584 1223 qui
611 1140 981 1223 dactylorum
1002 1141 1181 1222 plane
1218 1141 1417 1203 vicarii
1443 1153 1604 1203 sunt.
1639 1142 1948 1203 innumera
1972 1153 2109 1203 sunt
2133 1141 2392 1204 licentiae
2424 1143 2601 1221 hujus

478 1246 642 1326 apud
667 1246 829 1306 illum
856 1247 1168 1328 exempla3
1207 1267 1325 1308 nec
1370 1267 1566 1329 pauca
1606 1247 1668 1308 in
1707 1246 2008 1321 Terentio,
2057 1246 2202 1309 licet
2240 1249 2376 1321 hac,
2423 1258 2491 1310 ut
2530 1258 2598 1337 et

442 1410 445 1413 Α
478 1351 606 1413 aliis
633 1351 761 1414 fere
788 1352 1075 1428 omnibus,
1104 1355 1317 1425 Plauto
1345 1355 1524 1435 longe
1550 1351 1780 1436 parcius
1808 1363 2044 1426 utaturg
2082 1352 2244 1436 quod
2272 1354 2424 1414 inter
2447 1374 2600 1436 prar-

477 1458 684 1539 cipuas
715 1458 979 1521 Terentii
1005 1460 1212 1522 laudes
1253 1461 1468 1522 merito
1503 1459 1931 1521 recensendum
1960 1470 2070 1533 est,
2101 1457 2204 1540 qui
2232 1459 2500 1541 quamvis
2528 1460 2594 1519 in

473 1562 745 1638 licentiis,
793 1565 916 1628 sive
959 1586 1159 1628 earum
1205 1587 1510 1627 numerum
1539 1566 1663 1627 sive
1713 1585 1936 1647 genera
1959 1575 2214 1647 spectes,
2242 1564 2597 1627 adhibendis

475 1680 598 1730 tam
626 1690 834 1753 parum
856 1671 969 1733 sibi
1003 1672 1327 1747 indulserit,
1373 1692 1706 1735 sermonem
1731 1684 1934 1734 tamen
1974 1683 2158 1734 tanta·
2186 1684 2326 1761 arte·
2363 1685 2597 1755 tempe-

472 1776 642 1850 ravit,
680 1788 749 1837 ut
798 1777 1071 1839 Plautino
1113 1778 1304 1839 minus
1351 1788 1641 1860 assurgat,
1692 1791 1756 1840 et
1801 1779 2144 1860 pedestrem
2186 1780 2375 1841 multo
2403 1778 2595 1859 magis

470 1882 712 1946 referat.
740 1883 849 1944 sed
868 1883 945 1944 de
971 1884 1062 1944 his
1089 1885 1395 1946 hactenus.

552 1989 851 2063 Alterum,
877 1990 1037 2070 quod
1065 1990 1293 2071 plurimi
1321 2002 1412 2051 est
1431 1990 1495 2051 in
1516 1990 1636 2052 hoc
1659 2003 2009 2071 argumento
2040 1992 2339 2073 ponderis,
2365 2003 2457 2053 est
2483 2011 2591 2054 ac-

469 2108 679 2159 centus
707 2117 884 2179 quem
913 2095 1060 2166 dixi,
1106 2115 1215 2156 seu
1242 2106 1438 2177 tenor,
1479 2116 1600 2177 quo
1626 2097 1872 2157 verbum
1914 2098 2238 2159 secundum
2265 2096 2595 2178 legitimam

467 2194 884 2286 pronuntiandi
931 2200 1219 2265 rationem
1265 2203 1621 2264 modulatur.
1719 2202 1810 2265 Ut
1854 2204 2010 2265 enim
2045 2204 2147 2264 ille
2194 2223 2314 2263 non
2361 2214 2591 2265 temere

468 2294 795 2371 movendus
829 2327 946 2369 nec
996 2308 1225 2389 syllaba
1257 2329 1438 2389 quam
1466 2320 1742 2391 occupat,
1774 2329 1854 2371 ex
1881 2311 2062 2391 longa
2099 2309 2161 2369 in
2187 2311 2426 2370 brevem
2452 2328 2591 2369 mu·

469 2415 668 2491 tanda,
690 2465 695 2470 .
717 2415 803 2479 ita
843 2415 1090 2477 aliarum
1132 2414 1490 2499 syllabarum
1536 2416 1849 2498 quantitas,
1898 2421 2022 2497 ejus
2071 2415 2394 2499 praesertim
2446 2432 2589 2496 quae

468 2536 706 2585 acutam
731 2521 1003 2605 proxime
1029 2522 1333 2603 praecedit,
1378 2522 1454 2583 ab
1499 2542 1574 2583 eo
1621 2523 1931 2603 plurimum
1973 2524 2196 2606 pendet
2219 2547 2237 2595 ς
2285 2533 2348 2584 et
2396 2523 2587 2583 maxi-

464 2649 692 2691 marum
727 2630 1099 2691 licentiarum
1146 2629 1295 2690 ratio
1337 2629 1475 2690 inde
1519 2640 1611 2690 est
1653 2628 1933 2710 petenda.
1990 2628 2171 2698 Quod
2196 2641 2265 2690 ut
2289 2629 2587 2709 intelliga-

464 2754 619 2808 mus,
666 2736 801 2797 baec
844 2756 1040 2816 pauca
1083 2735 1349 2817 principii
1396 2736 1531 2796 loco
1566 2736 1644 2797 de
1672 2748 1884 2797 natura
1909 2747 1972 2797 et
1998 2736 2056 2796 vi
2084 2748 2366 2798 accentus
2393 2736 2584 2817 probe

465 2842 726 2905 tenenda
751 2853 906 2903 sunt.

544 2949 767 3022 Prim0,
798 2951 860 3009 in
889 2949 1047 3011 omni
1073 2969 1222 3011 voce
1244 2970 1376 3011 esse
1405 2960 1662 3023 acutam,
1680 2969 1931 3031 eamque
1958 2969 2136 3011 unam
2163 2960 2412 3010 tantum.

547 3056 845 3130 Secundo,
873 3055 1140 3118 ultimam
1166 3076 1464 3136 nunquam
1492 3075 1624 3116 esse
1663 3066 1915 3129 acutam,
1945 3055 2198 3136 ideoque
2220 3055 2283 3114 in
2308 3053 2581 3144 dissylla-

461 3165 553 3226 bis
589 3165 847 3246 priorem
891 3183 1129 3246 semper
1170 3164 1328 3237 acui3
1374 3162 1536 3225 unde
1563 3162 1630 3222 fit
1651 3172 1718 3222 ut
1744 3161 1965 3221 ultimae
1992 3159 2202 3222 exilius
2247 3169 2482 3234 sonent,
2512 3171 2582 3221 et

461 3269 768 3358 obscurius
795 3268 1126 3331 audiantur.

542 3374 766 3450 Tertio,
804 3373 868 3434 in
915 3373 1296 3456 polysyllabis
1339 3376 1685 3451 secundam,
1715 3376 1764 3435 si
1792 3376 1973 3456 longa
2000 3374 2093 3448 sit,
2137 3385 2376 3435 acutam
2403 3393 2534 3435 esse
2554 3399 2578 3445 ς

459 3481 604 3542 alias
621 3459 854 3541 tertiam
881 3482 957 3541 ab
987 3493 1280 3554 extrema3
1303 3482 1454 3543 intra
1475 3482 1651 3543 trium
1669 3481 1824 3542 enim
1852 3481 2209 3564 syllabarum
2238 3498 2575 3553 numerum,

456 3587 581 3649 sive
606 3587 703 3648 hae
731 3586 790 3646 in
816 3588 998 3648 verbo
1025 3588 1168 3649 solae
1212 3587 1344 3660 sint,
1388 3589 1513 3648 sive
1554 3588 1798 3662 ultimae,
1837 3597 2072 3649 acutam
2110 3606 2344 3667 semper
2381 3585 2576 3647 conti-

442 3681 613 3757 'nerit
641 3692 920 3774 ideoque,
948 3694 996 3755 si
1021 3694 1217 3775 plures
1244 3705 1476 3755 acutam
1496 3677 1925 3776 praecesserint,
1959 3712 2162 3755 omnes
2183 3712 2393 3773 graves
2415 3712 2570 3768 esse,

456 3802 678 3885 pariter
706 3823 779 3863 ac
806 3802 958 3877 illas,
989 3823 1124 3884 quoe
1152 3813 1500 3883 sequuntur.
2497 3801 2506 3808 ’

540 3910 789 3981 Quarto,
814 3927 949 3968 cum
962 3909 1222 3988 syllabae,
1243 3928 1417 3989 quam
1435 3919 1647 3969 acutus
1664 3917 1836 3967 tenor
1857 3915 2127 3986 occupat,
2147 3923 2220 3965 ex
2235 3901 2566 3963 intentione
2643 3951 2648 3954 .

460 4017 610 4096 ejus,
637 4034 790 4074 nova
814 4013 1084 4092 quaedam
1109 4014 1402 4094 quantitas
1430 4013 1703 4086 accedat,
1734 4011 1886 4073 istud
1925 4012 2356 4073 incrementum
2383 4030 2572 4092 quan-

455 4122 640 4184 titatis
666 4121 741 4206 de
788 4119 1014 4201 syllaba
1048 4119 1319 4200 proxime
1354 4120 1734 4202 praecedente
1763 4116 2193 4198 quodammodo
2224 4116 2455 4179 detrahi
2479 4115 2568 4177 vi-

455 4227 646 4300 detur,
676 4226 814 4285 dum
840 4245 958 4285 vox
982 4224 1273 4305 loquentis
1300 4246 1405 4305 per
1431 4245 1563 4286 eam
1590 4236 1760 4308 rapte
1777 4217 1979 4298 fei-tur,
2011 4238 2077 4286 ut
2106 4226 2179 4286 ad
2207 4237 2442 4287 acutam
2467 4241 2571 4286 ve-

456 4333 597 4408 niat,
628 4332 687 4393 in
716 4353 830 4414 qua
858 4331 1138 4414 insignior
1165 4352 1328 4395 mora
1368 4331 1665 4396 facienda.
1709 4332 1849 4397 hinc
1900 4353 2010 4395 usu
2057 4332 2220 4397 venit
2247 4343 2313 4396 ut
2338 4331 2569 4416 syllaba
