2917 4900
482 389 552 448 l·
642 422 649 427 ·
836 386 1113 453 JULII·
1160 388 1618 453 CAESAIUS·
1668 392 2194 457 SCAIAGERI
2283 416 2292 423 ·

482 574 699 656 pergin’
723 575 914 633 mulier
937 592 1069 633 esse.
1096 573 1230 652 plus
1256 572 1410 632 enim
1445 584 1538 633 est
1574 592 1701 633 esse
1725 575 2049 648 mulierem,
2086 594 2259 661 quam
2291 577 2571 638 odiosama

486 681 563 742 In
598 680 782 742 altero
817 690 1012 740 autem
1038 689 1361 756 sequente:
1403 698 1514 736 rem
1550 699 1777 756 unquam
1803 684 1966 753 volui,
1997 683 2126 759 quin
2163 692 2224 740 tu
2251 683 2308 741 in
2346 703 2411 741 ea
2439 683 2572 741 mim

489 786 836 846 adversatrix
868 783 1061 864 fueris
1098 782 1410 843 Sostrata?
1487 783 1742 845 Videtur
1786 787 2012 866 syllaba
2062 788 2414 847 redundare.
2470 788 2580 848 sed

488 893 581 962 mi,
612 889 967 970 pronunties,
997 908 1116 948 non
1142 889 1291 948 mihi.
1372 888 1634 949 Bembus
1668 901 1867 950 autem
1893 891 1977 950 ita
2000 891 2163 971 leg-it,
2195 902 2260 951 ut
2285 911 2402 953 una
2428 891 2577 952 defi-

476 995 643 1056 ·cIat:
701 994 820 1054 sict
842 1022 851 1027 ·
877 995 1025 1054 volni
1041 1017 1061 1053 .·
1103 995 1231 1072 quin
1258 1003 1319 1053 tu
1348 995 1405 1052 in
1439 1015 1505 1052 ra
1542 995 1672 1053 mihi
1687 995 1879 1076 fueris
1906 997 2247 1056 adversatrix
2284 995 2578 1056 Sostrata?

485 1100 876 1162 Locutionem
916 1119 1148 1180 quoque
1172 1119 1305 1159 non
1350 1100 1556 1159 leviter
1598 1110 1983 1180 pertranseas.
2065 1100 2177 1160 Ille
2220 1101 2373 1161 enim
2407 1101 2571 1173 dicit,

483 1207 782 1267 nullamne
803 1224 929 1265 rem
950 1204 1104 1264 volui
1121 1205 1151 1263 Ρ
1188 1224 1333 1266 sane
1354 1205 1669 1265 tolerabilis
1695 1224 1909 1277 sermo,
1933 1225 2063 1264 cum
2083 1206 2264 1265 verbo
2286 1206 2417 1277 hoc,
2436 1208 2575 1265 volo.

486 1311 644 1373 Nam
672 1311 905 1390 negatio
932 1330 1067 1389 quae
1095 1322 1186 1370 est
1212 1310 1269 1370 in
1297 1310 1549 1382 nomine,
1577 1311 1639 1370 in
1664 1312 1905 1371 verbum
1932 1309 2163 1381 transit,
2192 1321 2255 1369 et
2279 1310 2365 1381 fit,
2393 1310 2572 1369 ullam

482 1415 817 1479 rem-'nolui
858 1446 865 1449 Δ
900 1415 1039 1475 Non
1060 1415 1244 1495 possis
1270 1434 1411 1475 vero
1439 1415 1639 1477 dicere
1668 1436 1803 1476 cum
1832 1417 2011 1476 verbo
2037 1414 2417 1486 substantivo,
2443 1414 2576 1473 nul-

483 1524 637 1587 lane·
661 1542 757 1583 res
796 1532 922 1592 θεῖς
961 1539 1211 1600 quonam
1248 1521 1425 1580 modo
1463 1540 1695 1599 nanque
1731 1532 1905 1593 esset,
1950 1520 1998 1578 si
2040 1539 2158 1579 non
2191 1519 2324 1580 est?
2378 1539 2571 1600 neque

482 1629 692 1689 melius
729 1626 1000 1708 procedit
1038 1626 1136 1686 ille
1174 1645 1253 1686 ex
1293 1625 1500 1685 eadem
1544 1645 1721 1704 quem
1761 1644 1871 1685 nos
1902 1626 2025 1687 sic:
2067 1626 2336 1685 sustulisti
2370 1627 2449 1684 sic
2487 1634 2571 1685 est

463 1739 668 1813 fiction
694 1735 926 1804 doma,
962 1753 1095 1811 ergo
1132 1733 1291 1791 herus
1334 1733 1525 1791 dmum>
1565 1740 1763 1790 auctus
1800 1740 1900 1790 est.
1982 1731 2094 1789 Ille
2122 1730 2243 1791 sic:
2283 1731 2571 1790 sustulisti.

484 1840 565 1899 sic
590 1848 670 1899 est
686 1838 933 1919 factum.
962 1838 1182 1909 dontin’,
1210 1857 1342 1915 ergo
1369 1838 1529 1895 herus
1555 1838 1743 1895 dmnno
1770 1845 1964 1895 auctus
1990 1844 2089 1894 est.
2141 1914 2148 1921 „
2170 1836 2248 1895 At
2274 1836 2391 1895 duo
2417 1845 2569 1908 sunt,

485 1964 617 2024 quoe
638 1974 641 1979 ·
665 1942 1006 2003 dissuadent
1049 1962 1178 2002 esse
1221 1938 1647 2021 recipiendum.
1748 1940 2005 1999 Primum
2041 1960 2264 2013 versus,
2310 1941 2409 2022 qui
2450 1951 2569 2001 tro·

480 2049 725 2109 choicus
764 2048 878 2106 sit:
937 2065 1115 2125 quare
1156 2046 1217 2104 in
1252 2046 1450 2125 quinto
1497 2046 1651 2125 pede
1684 2047 1948 2122 jambum
1983 2047 2216 2106 statuit:
2275 2067 2381 2108 nos
2429 2067 2571 2108 ana·

480 2165 751 2234 paestum.
860 2151 943 2211 Et
988 2151 1178 2212 minus
1232 2151 1421 2211 simile
1467 2151 1591 2211 veri
1633 2151 1762 2224 fuit,
1817 2150 1972 2210 domi
2018 2151 2346 2224 educatam,
2392 2163 2570 2233 atque

478 2259 687 2318 herum
728 2255 964 2317 latuisse
1001 2266 1127 2316 erat
1161 2257 1316 2316 enim
1358 2256 1593 2317 modica
1635 2256 1860 2329 domus,
1905 2278 2037 2337 quae
2079 2259 2172 2318 vel
2218 2278 2387 2318 coena
2420 2260 2570 2319 Bac.

478 2363 668 2424 chidis
709 2374 1092 2443 premeretur.
1136 2382 1316 2441 quare
1366 2362 1590 2443 inepta‘
1612 2362 1816 2423 fuisset
1862 2363 2258 2443 interrogatio.
2356 2363 2569 2444 Neque

480 2471 689 2531 fuisset
727 2480 933 2530 auctus
974 2469 1209 2541 damno,
1256 2467 1530 2548 quoniam
1572 2469 1727 2529 domi
1768 2471 2109 2532 educasset:
2154 2471 2261 2531 sed
2296 2472 2570 2551 quoniam

476 2576 678 2647 filiam,
708 2575 802 2637 cui
829 2575 936 2637 dos
961 2559 1223 2655 paranda
1249 2584 1426 2635 esset.
1517 2578 1725 2654 Itaque
1749 2595 1868 2636 non
1894 2576 2033 2635 foris
2060 2574 2426 2635 educandam
2467 2577 2573 2636 de·

481 2682 590 2753 dit,
611 2682 720 2741 sed
739 2681 1168 2760 exponendam.
1252 2682 1554 2743 Proeterea
1578 2679 1710 2761 plus
1733 2680 2013 2761 impendii
2042 2692 2153 2753 est,
2181 2682 2228 2741 si
2263 2682 2404 2740 foris
2432 2682 2572 2742 edu-

472 2797 689 2847 cantur
708 2786 897 2862 liberi,
927 2805 1099 2865 quam
1124 2785 1172 2845 si
1200 2786 1379 2845 domi.
1463 2787 1585 2847 Sed
1606 2798 1668 2846 et
1691 2785 1791 2846 ille
1810 2786 1870 2844 in
1892 2786 2203 2857 Eunucho,
2232 2796 2360 2845 toto
2381 2787 2568 2846 verbo

478 2891 710 2971 long-ior
737 2903 848 2962 est,
866 2902 1090 2952 temere
1112 2891 1384 2972 repetito.
1450 2893 1541 2951 Id·
1567 2913 1668 2972 que
1694 2894 1824 2951 adeo
1852 2893 2238 2952 visam-visam
2265 2893 2315 2950 si
2340 2892 2570 2951 donn'st.

481 2998 601 3076 quis
637 3017 761 3057 nam
802 2997 924 3056 hinc
961 3018 996 3056 a
1037 2998 1242 3056 Thaide
1284 2997 1434 3064 erit?
1485 2996 1626 3057 ·Sed
1667 2996 1883 3076 ubique
1919 2996 2151 3056 videtur
2192 3015 2311 3056 non
2352 2995 2570 3056 minimi

473 3101 683 3183 judicii
719 3101 1003 3181 quispiam
1041 3101 1328 3180 neglectis
1364 3100 1618 3161 numeris
1656 3101 1914 3181 leporem
1954 3082 2233 3179 quaesisse
2273 3100 2568 3161 orationis.

473 3210 630 3269 siout
655 3208 715 3267 in
742 3208 951 3268 eadem
975 3207 1209 3268 fabula:
1252 3208 1389 3267 nihil
1413 3217 1615 3286 proeter
1651 3209 1985 3285 promissum.
2017 3239 2022 3246 ·
2069 3207 2148 3266 At
2184 3225 2290 3266 nos
2326 3206 2567 3286 legeba-

476 3334 643 3374 musz
710 3316 849 3374 nihil
884 3314 1322 3391 proetemissum.
1420 3314 1641 3372 Verum
1691 3313 1790 3374 hic
1834 3313 2062 3391 argutia
2099 3311 2280 3372 etiam
2335 3311 2566 3371 dimen-

474 3421 739 3482 sionibus
767 3441 938 3481 suum
974 3422 1206 3500 reliquit
1248 3422 1466 3491 locum,
1503 3420 1552 3478 si
1595 3419 1745 3489 nihil,
1775 3418 1850 3477 sit
1887 3417 2372 3497 monosyllabum,
2407 3418 2568 3496 quod

472 3524 1008 3603 frequentissimum
1058 3537 1168 3596 est,
1208 3526 1333 3584 vult
1369 3525 1586 3595 dicere,
1618 3521 1948 3583 Phaedriam
1981 3523 2125 3582 nihil
2161 3533 2565 3603 prestaturum

479 3647 703 3700 eorum,
734 3648 866 3709 quae
902 3628 1068 3688 militi
1094 3629 1536 3708 pollicebantur,
1568 3648 1760 3707 neque
1800 3628 2111 3709 quicquam
2147 3628 2308 3688 illum
2349 3639 2567 3709 prester

471 3735 820 3815 promissum
840 3735 1122 3796 laturum:
1166 3735 1274 3796 sed
1290 3735 1354 3793 in
1375 3735 1584 3795 eadem
1602 3733 1769 3813 lepor
1798 3752 2029 3812 quoque
2057 3733 2429 3793 nitidissimus
2457 3743 2568 3803 est,

474 3840 545 3902 iis
581 3839 875 3900 versibus:
915 3841 1062 3899 illum
1088 3842 1254 3918 liquet
1278 3840 1428 3898 mihi·
1444 3842 1685 3917 dejerare
1720 3840 1982 3898 mensibus
2010 3838 2138 3909 Sex,
2173 3848 2374 3915 septa»
2405 3858 2569 3914 pror-

456 3943 699 4006 ·m-520n
725 3947 920 4004 vidisse
948 3946 1226 4022 praxinus.
1309 3943 1511 4004 Nostri
1537 3943 1769 4022 vulgate
1806 3943 1975 4003 nimis
2014 3944 2310 4023 legebant,
2339 3962 2447 4003 sex
2473 3942 2568 4001 vel

470 4063 722 4134 septem.
807 4051 1103 4112 Caeterum
1132 4061 1193 4111 et
1217 4070 1255 4111 a
1279 4069 1524 4110 numero
1552 4048 1889 4108 excluditur
1913 4049 2268 4124 conjunctio,
2298 4058 2359 4107 et
2384 4067 2421 4108 a
2443 4066 2572 4106 ser-

474 4157 661 4218 monis
700 4156 991 4237 puritate:
1035 4156 1207 4217 sicuti
1244 4175 1399 4226 cum,
1441 4153 1716 4224 dicimus,
1755 4153 2174 4233 quinquaginta
2215 4154 2349 4233 plus
2377 4152 2570 4214 minus

402 4297 409 4305 ·
470 4283 655 4325 annos
685 4275 854 4326 natus
886 4284 1031 4325 sum.
1115 4262 1272 4325 Illud
1296 4280 1529 4342 quoque
1565 4260 1813 4340 lepidius
1839 4260 2072 4320 videtur
2116 4261 2171 4319 in
2205 4259 2570 4320 Heautonti-
