2917 4900
479 387 605 459 le*
704 408 708 412 ·
1208 392 1343 457 DE
1402 396 1884 462 RATIONE

488 590 584 635 nn
617 570 1054 671 fatenti-hatum
1094 588 1134 638 a
1158 575 1406 640 Μαι-ιω
1430 578 1739 641 verborum
1776 579 2062 653 ordinem,
2093 589 2302 642 eontra
2325 578 2590 642 mnium

486 680 677 741 ΗΕΒ.
715 681 915 757 fldem,
940 684 990 744 si
1014 683 1176 757 velit,
1200 684 1605 766 amplectatur.
1630 685 1718 747 ita
1741 686 1896 748 enim
1927 687 2206 748 Muretus
2232 685 2418 767 leg-its

925 852 1000 911 N
994 870 1100 912 ovo
1125 852 1280 911 modo
1306 852 1358 911 ei
1383 853 1514 932 quin
1522 853 1748 937 faceres
1774 856 2140 916 contumelias.

482 1017 591 1077 sed
615 1035 690 1076 an
725 1016 859 1077 hoec
883 1018 1191 1077 verborum
1228 1017 1540 1079 collocatio
1576 1031 1824 1080 venusta
1849 1020 1943 1091 sit,
1975 1019 2163 1082 doctis
2195 1020 2588 1101 judicandum

484 1122 772 1203 relinquo.

563 1231 720 1291 Cum
743 1241 963 1290 tantam
989 1229 1188 1308 itaque
1217 1229 1516 1289 licentiam
1552 1222 1664 1289 sibi
1704 1249 2118 1311 nonnunquam
2145 1233 2455 1294 sumserint
2476 1251 2583 1293 co·

480 1335 637 1408 mici,
679 1347 748 1396 ut
775 1347 1026 1396 metrum
1065 1357 1232 1398 suum
1282 1335 1361 1396 ad
1407 1334 1753 1416 popularem
1802 1333 2080 1413 loquendi
2124 1356 2347 1396 morem
2392 1337 2578 1416 magis

479 1426 1030 1519 accommodarent3
1092 1442 1301 1500 mirum
1343 1459 1463 1500 non
1512 1438 1621 1500 erit
1664 1440 1711 1499 si
1754 1440 2114 1519 frequentius
2157 1442 2271 1503 ista
2309 1442 2582 1504 libertate

477 1556 739 1617 utuntur,
766 1564 943 1625 quam
969 1547 1065 1606 vel
1106 1547 1219 1627 ipsi
1248 1544 1519 1606 eanninis
1551 1543 1774 1605 heroici
1810 1545 2122 1625 scriptores
2148 1545 2258 1606 sihi
2285 1546 2582 1607 interdum

476 1651 885 1732 permiserunt·
966 1652 1132 1713 Hinc
1155 1672 1208 1709 m
1246 1651 1425 1711 finale
1465 1649 1561 1710 vel
1596 1650 1817 1711 voculis
1863 1661 2001 1711 ante
2042 1650 2287 1713 alteram
2312 1648 2584 1710 vocalem

479 1757 538 1817 in
567 1759 838 1839 sequenti
865 1758 1120 1820 dictione
1146 1778 1303 1839 saepe
1328 1776 1448 1819 non
1474 1755 1746 1817 eliditur:
1786 1766 1873 1829 ut,

722 1926 851 2004 Ego
876 1947 996 1986 cum
1023 1928 1123 1986 illo
1151 1945 1383 2003 quocum
1415 1934 1529 1984 tum
1556 1892 1825 1985 imorem
1863 1924 2117 1984 habebam
2148 1925 2372 2001 hospite.

718 2032 1047 2093 Jamdudum
1072 2042 1132 2093 te
1159 2042 1335 2102 amat,
1354 2033 1688 2110 jamdudum
1712 2031 1794 2089 illi
1808 2030 2115 2109 facilefit.

718 2138 838 2198 Eho
870 2157 1002 2197 vero
1028 2138 1221 2197 laudas
1244 2136 1345 2216 qui
1375 2136 1552 2197 heros
1567 2136 1786 2215 fallunt
1806 2140 1830 2188 ,²
1867 2135 1926 2193 in
1957 2135 2090 2194 loco.

471 2324 583 2367 nec
611 2302 902 2384 euphonia
931 2324 1037 2364 sus
1062 2314 1227 2364 curet
1253 2301 1382 2362 haec
1410 2300 1665 2362 elisionis
1693 2300 1944 2361 omissio.
1989 2284 1997 2295 ’
2565 2257 2599 2293 ὁ

551 2412 791 2473 Initium
820 2431 1053 2493 quoque
1093 2409 1391 2492 sequentis
1432 2428 1637 2470 versus
1674 2427 1832 2488 saepe
1860 2407 1920 2467 in
1945 2406 2253 2470 scansione
2279 2407 2382 2470 fini
2417 2428 2571 2493 prae..

468 2517 738 2579 cedentis
766 2516 1198 2577 annectendum
1227 2527 1346 2577 est=
1390 2525 1478 2589 ut,
2087 2526 2092 2530 ·

792 2673 1098 2746 Ratione-nt,
1126 2682 1207 2731 est
1235 2674 1408 2732 hercle
1431 2674 1635 2750 inepta,
1664 2693 1731 2731 ne
1756 2672 1932 2731 dicam
1958 2672 2096 2742 dolo,

793 2778 991 2859 Atque
1020 2779 1275 2837 absurda.
1293 2779 1473 2856 pisces
1495 2786 1724 2837 coeteros
1743 2796 1949 2856 purga,
1972 2775 2201 2837 Dromo.

467 2951 510 3013 S
538 2949 713 3011 finale
739 2961 878 3011 ante
904 2967 1220 3010 consonam
1262 2968 1422 3029 saepe
1461 2946 1670 3018 exteri,
1700 2964 1819 3006 non
1846 2963 1993 3025 opus
2017 2955 2109 3005 est
2133 2956 2200 3006 ut
2224 2965 2567 3023 memorem,

455 3076 601 3118 cum
629 3075 821 3128 nemo,
851 3053 952 3136 qui
990 3053 1372 3116 vetustiorum
1410 3063 1719 3138 poetanun
1745 3049 2019 3130 reliquias
2044 3063 2259 3126 versat,
2294 3054 2411 3114 hoc
2435 3055 2568 3116 ubi·

454 3183 579 3245 que
607 3163 732 3225 fere
757 3162 885 3224 fieri
912 3182 1032 3222 non
1058 3160 1273 3222 videat.

543 3272 749 3352 Atque
774 3270 904 3328 haec
930 3268 1008 3327 de
1046 3267 1400 3327 comicorum
1440 3266 1678 3327 licentis
1714 3266 1879 3346 quasi
1907 3264 2097 3327 obiter
2118 3264 2379 3347 attigisse
2407 3266 2564 3327 suffi-

450 3375 598 3435 ciat.
633 3376 731 3454 qui
765 3376 932 3454 plura
964 3375 1139 3454 cupit,
1165 3374 1353 3435 Gabr.
1374 3372 1586 3434 Faerni
1618 3371 2056 3433 emendationes
2083 3371 2277 3445 adeat,
2312 3372 2562 3433 hominis

414 3493 431 3500 “
456 3479 521 3539 in
561 3480 677 3541 hoc
716 3501 937 3559 genere
976 3479 1388 3541 versatissimi?
1437 3478 1534 3552 vel
1569 3476 1712 3538 chr.
1749 3477 1953 3539 Wasei
1981 3477 2260 3538 nostratis
2297 3476 2563 3539 libellum

446 3584 559 3663 qui
585 3584 846 3645 Sertorius
872 3585 1224 3658 inscribitur,
1252 3585 1375 3647 sive
1402 3587 1468 3645 de
1507 3585 1712 3665 legibus
1751 3594 1810 3644 et
1843 3586 2062 3645 licentia
2093 3593 2335 3644 veterum
2359 3593 2561 3662 poeta-

446 3709 593 3760 rum,
630 3690 729 3750 ubi
763 3702 887 3752 tota
920 3712 1015 3753 res
1051 3692 1346 3753 fusissime
1376 3691 1723 3772 explicatur,
1751 3702 1814 3751 et
1836 3691 2154 3751 innumeris
2182 3690 2563 3751 confirmatur

454 3795 759 3874 exemplis.
852 3799 934 3859 Et
975 3811 1139 3860 certe
1175 3799 1224 3860 si
1262 3799 1341 3858 ad
1376 3797 1532 3858 hane
1570 3796 1901 3857 liberiorem
1939 3806 2199 3856 veterum
2237 3806 2558 3876 poetarum

444 3917 716 3960 -normam
742 3902 849 3962 viri
873 3904 1110 3985 ingenio
1138 3917 1201 3966 et
1227 3904 1492 3965 doctrina
1529 3903 1936 3983 spectatissimi
1975 3902 2297 3963 Goveanus
2324 3913 2388 3963 et
2412 3901 2562 3962 Mu-

449 4016 609 4069 retus
635 4009 775 4070 satis
803 4011 1207 4082 attendissent,
1235 4012 1395 4072 haud
1421 4020 1650 4071 tantum
1669 4007 1777 4070 sibi
1802 4009 1865 4068 in
1885 4008 2246 4069 immutando
2273 4008 2557 4070 Terentio

447 4094 767 4190 licentiam,
804 4128 1016 4177 contra
1050 4119 1400 4197 optimorum
1439 4115 1710 4177 codicum
1740 4115 2168 4187 auctoritatem,
2209 4104 2431 4176 temere
2463 4131 2557 4174 ar-

442 4219 784 4297 ripuissent.
869 4221 990 4282 Sed
1036 4222 1177 4281 dum
1217 4222 1411 4282 omnia
1442 4221 1520 4282 ad
1554 4221 1870 4282 hodiernae
1909 4221 2088 4282 metri
2113 4218 2420 4300 vii-gilini
2461 4201 2556 4279 τό·

416 4322 616 4401 ..gtulas
640 4344 866 4405 cogere
876 4326 1247 4399 studuerunt,
1276 4329 1583 4388 verborum
1611 4327 1870 4387 ordinem
1898 4325 2208 4398 invertere,
2233 4343 2416 4390 voees
2441 4324 2552 4384 mi-
