2917 4900
791 394 1135 457 METRI
1192 392 1898 457 TERENTIAM.
2155 392 2403 495 1³xe·

310 577 671 641 extendatur.
755 574 1087 645 Iuyoeibus
1105 576 1245 654 (iae,
1269 575 1447 654 hiy'as,
1475 578 1807 655 engy‘ufflunt
1833 572 1936 655 qui
1952 572 2196 654 primam
2221 572 2400 655 sylla·

312 686 441 746 bam
468 681 911 763 corripiendam,
930 690 993 742 et
1016 702 1045 741 e
1070 679 1245 741 finale
1270 680 1333 739 in
1359 679 1624 741 secunda
1649 679 1999 752 elidendum,
2028 689 2165 741 ante
2193 700 2403 742 conso·

311 809 461 859 nam,
489 806 655 848 more
680 785 939 866 antiquo,
969 796 1250 847 censenti
1293 804 1542 865 quorum
1581 785 1925 846 sententiam
1957 785 2067 846 etsi
2093 806 2210 847 non
2237 806 2398 867 pror·

307 914 400 955 sus
424 894 842 975 improbamus,
869 889 1074 951 melius
1110 901 1307 952 tamen
1333 893 1524 952 versui
1551 890 1777 952 consuli
1804 911 1976 972 posse
2003 911 2326 967 censemus,
2350 896 2403 955 si

309 1021 394 1061 ee
424 1019 605 1060 voces
632 999 696 1059 in
733 1017 911 1059 unam
935 996 1217 1078 syllabam
1244 997 1396 1057 inter
1420 999 1928 1078 pronunciandum
1960 1000 2399 1073 contrabantur,

309 1106 458 1166 adeo
493 1116 563 1165 ut
588 1104 802 1166 eodem
826 1102 953 1165 fere
986 1102 1171 1163 modo
1201 1101 1565 1183 proferantur
1606 1123 1726 1183 quo
1764 1104 1923 1193 apud
1951 1106 2181 1185 Anglos
2215 1107 2300 1166 bis
2337 1116 2402 1167 et

310 1212 477 1271 whose
496 1232 519 1267 .-
563 1221 646 1284 ut,

389 1381 454 1440 Si
480 1383 631 1441 illum
659 1381 918 1458 relinquo,
945 1380 1073 1457 ejus
1098 1379 1227 1439 υἱέα
1256 1379 1415 1439 timeo
1429 1402 1455 1447 ,·
1496 1379 1582 1440 rin
1609 1379 1862 1456 opitulor,
1891 1379 2069 1459 hujus
2097 1382 2287 1441 minas.

311 1548 779 1627 lutei-jectionem
814 1546 1048 1626 jurandi
1077 1546 1371 1619 adverbia,
1401 1556 1466 1607 et
1495 1565 1669 1607 voces
1693 1546 1950 1620 fictitias,
1985 1567 2095 1628 pro
2130 1548 2294 1610 libitu
2317 1549 2409 1610 lo-

311 1654 541 1736 quentis
567 1652 665 1714 vel
688 1651 935 1733 produci
952 1651 1048 1712 vel
1079 1650 1311 1731 corripi,
1338 1650 1468 1731 ipsa
1494 1652 1733 1712 comicae
1759 1652 2073 1714 locutionis
2098 1655 2246 1716 ratio
2272 1675 2408 1717 sua·

312 1763 414 1819 det
440 1769 505 1819 ut
530 1757 802 1828 credam;
840 1774 1031 1837 neque
1057 1775 1202 1835 opus
1228 1774 1377 1827 esse,
1407 1765 1475 1815 ut
1497 1775 1607 1835 pro
1635 1748 1697 1815 ot
1727 1764 1788 1815 at
1819 1757 2105 1817 scribatur
2132 1767 2194 1818 at
2223 1770 2286 1819 at
2320 1770 2406 1833 at,

308 1863 401 1922 vel
426 1864 564 1941 oepol
585 1880 695 1942 pro
730 1862 930 1937 edepol,
966 1879 1101 1941 quae
1131 1880 1247 1920 vox
1287 1880 1448 1940 saepe
1489 1862 1735 1943 primam
1776 1862 2018 1944 corripit
2053 1865 2209 1943 apud
2248 1866 2407 1927 hunc

309 1978 627 2029 auctorem.
708 1966 899 2028 Nemo
948 1986 1065 2026 non
1109 1968 1378 2027 observat
1420 1987 1599 2028 voces
1641 1987 1770 2028 esse
1812 1967 2094 2047 quasdam
2144 1989 2275 2050 quae
2318 1970 2410 2029 di-

309 2095 532 2135 versam
564 2074 947 2155 quantitatem
975 2073 1137 2154 apud
1177 2073 1422 2133 diversae
1463 2074 1647 2134 aetatis
1682 2075 1991 2155 scriptores
2026 2074 2279 2136 habent:
2320 2077 2408 2138 sie

310 2202 427 2241 vox
450 2181 687 2258 euspicio
714 2189 919 2238 contra
955 2197 1286 2239 mensuram
1319 2178 1683 2249 hodiernam,
1711 2179 2057 2259 plerumque
2095 2181 2255 2260 apud
2283 2200 2413 2243 nos-

310 2274 463 2346 lrum
488 2296 791 2346 auctorem
816 2281 1137 2345 secundam
1161 2284 1446 2364 syllabam
1467 2284 1763 2364 producit.
1784 2284 1943 2365 quod
1971 2304 2047 2345 ne
2073 2285 2261 2359 fieret,
2282 2286 2410 2347 Go-

308 2413 525 2457 veanus
552 2394 614 2468 in
641 2394 769 2472 ejus
803 2391 996 2454 locum
1033 2391 1295 2472 reposuit
1333 2392 1600 2468 suspectio
1619 2414 1643 2461 ‚-
1682 2391 1792 2453 sed
1827 2391 1951 2454 sine
1985 2392 2235 2468 ratione,
2272 2413 2412 2454 cum

311 2503 469 2562 idem
493 2501 620 2562 fieri
641 2500 840 2561 videas
867 2499 1028 2580 apud
1055 2498 1361 2569 Plautum;

555 2669 638 2727 Et
664 2689 731 2727 ne
752 2668 811 2727 in
837 2665 1135 2743 suspicione
1153 2674 1391 2743 ponatur
1415 2666 1613 2743 stupri.
1659 2664 1880 2747 Amph.
1902 2667 1955 2728 1.
1977 2671 2037 2728 2.
2064 2671 2166 2733 27.

554 2773 894 2850 Suspiciones
919 2791 1094 2832 omna
1117 2771 1186 2830 ab
1211 2792 1270 2830 se
1294 2781 1565 2849 segreget.
1610 2772 1785 2833 Asin.
1805 2770 1918 2832 lv.
1943 2777 2001 2836 1.
2023 2776 2127 2834 29.

314 2932 399 2992 Et
420 2931 575 3012 apud
604 2928 919 2992 Phaedmm
944 2926 1007 2988 in
1028 2925 1281 3010 prologo
1306 2924 1410 2988 lib.
1432 2931 1493 2990 8.

918 3083 1233 3162 Suspicione
1257 3084 1427 3161 siquis
1453 3081 1662 3142 errabit
1685 3104 1810 3143 sua.

314 3241 443 3301 Nec
462 3262 499 3302 a
523 3242 742 3301 ratione
766 3240 1015 3300 fortasse
1041 3237 1294 3299 alienum
1322 3236 1632 3311 videbitur,
1661 3238 1710 3298 si
1737 3238 1961 3318 syllaba
1985 3250 2194 3300 natura
2218 3237 2415 3299 brevis

312 3348 621 3418 interdum,
664 3344 831 3426 quasi
863 3344 1001 3405 data
1042 3363 1240 3425 opera,
1281 3345 1660 3425 producatur,
1702 3364 1819 3423 quo
1855 3344 2041 3425 magis
2083 3344 2413 3425 emphatice

316 3466 567 3516 mentem
592 3451 890 3533 loquentis
917 3451 1225 3531 exprimat.
1309 3451 1410 3512 Sic
1438 3452 1660 3513 Phor-m.
1690 3450 1766 3510 V.
1794 3456 1855 3512 6.
1881 3453 1982 3516 75.

757 3618 907 3688 Quin
931 3637 1067 3678 novo
1093 3619 1246 3677 modo
1274 3618 1557 3697 eifaceres
1580 3620 1970 3680 contumelia-m.

322 3792 453 3857 Quo
474 3791 537 3849 in
561 3789 698 3849 loco
720 3785 1085 3848 Phormionis
1110 3804 1375 3867 personae
1402 3784 1718 3845 admodum
1745 3786 2054 3847 convenire
2081 3786 2222 3846 mihi
2247 3786 2415 3848 vide·

322 3909 434 3969 tur,
472 3897 524 3956 si
562 3896 748 3975 prima
790 3893 1019 3974 syllaba
1056 3894 1117 3952 in
1158 3911 1305 3953 novo
1348 3891 1579 3951 comice
1618 3871 1910 3970 producta
1950 3889 2047 3951 sit.
2125 3892 2418 3970 Agnosco

322 4003 551 4083 quidem
594 4000 907 4072 Faenum,
945 4009 1013 4062 ut
1050 4010 1114 4060 et
1162 3998 1466 4070 Waseum‚
1512 3996 1678 4057 aliter
1721 3998 1879 4056 hune
1923 4016 2158 4058 versum
2201 3998 2416 4071 metiri,

322 4127 529 4188 nempe
548 4105 953 4168 contrahendo
973 4123 1182 4165 vocem
1202 4122 1340 4164 novo
1378 4103 1440 4162 in
1465 4122 1640 4163 unam
1662 4101 1963 4185 syllabam,
1990 4112 2052 4162 et
2074 4102 2322 4183 primam
2349 4103 2413 4164 in

323 4215 377 4274 ei
398 4210 811 4293 producendoz
851 4211 959 4271 sed
983 4211 1116 4271 hoec
1145 4210 1293 4270 ratio
1319 4208 1651 4302 impeditior
1666 4208 1914 4268 videtur.
1931 4208 2092 4287 quod
2112 4207 2161 4266 si
2179 4208 2280 4286 pui
2307 4228 2415 4269 ne·

290 4338 433 4404 ,que
455 4321 656 4382 horum
695 4337 887 4398 neque
925 4327 1127 4379 nostra
1149 4317 1321 4393 hujus
1350 4334 1550 4376 versus
1577 4312 1946 4404 expejiendi,
1976 4312 2123 4374 ratio
2163 4314 2419 4394 placeat,
