2917 4900
898 787 1696 890 ARGUMENTU
1712 801 1842 886 M.

1258 1128 1452 1160 *-

438 1389 881 1452 VITIATAM
918 1392 978 1452 in
1017 1392 1278 1453 tenebris
1317 1403 1456 1452 ante
1497 1392 1752 1472 nuptias,
1796 1390 1896 1451 cui
1936 1389 2211 1451 annulum
2259 1412 2361 1453 ex-

361 1497 624 1559 torserat,
666 1488 1039 1549 meretricem
1079 1507 1283 1549 ainans
1330 1489 1473 1549 dum
1513 1488 1747 1566 ignorat
1790 1487 2151 1566 Pamphilus,
2196 1488 2363 1549 duxit

361 1605 598 1646 uxorem
645 1585 949 1667 gravidam
987 1605 1066 1646 ex
1108 1605 1447 1665 compressu
1484 1605 1614 1646 suo.
1697 1587 1888 1651 Quam
1934 1605 2185 1665 peregre
2227 1607 2362 1666 pro·

359 1682 574 1756 fectus,
614 1702 795 1763 quum
836 1681 1166 1763 reliquisset
1220 1682 1398 1754 domi,
1455 1681 1689 1742 rediens
1737 1683 2064 1761 parientem
2118 1685 2362 1745 offendit

358 1779 552 1840 furtim
582 1790 646 1841 et
670 1781 831 1861 apud
871 1791 1123 1842 matrem
1162 1800 1345 1842 suam.
1442 1781 1582 1846 Qua
1609 1798 1673 1839 re
1713 1789 2060 1851 commotus,
2100 1780 2239 1839 dum
2266 1802 2359 1841 re·

353 1875 615 1956 pudium,
657 1877 851 1938 invitis
890 1878 1230 1957 parentibus
1272 1887 1335 1938 et
1378 1895 1617 1937 causam
1664 1875 1891 1956 repudii
1939 1876 2357 1949 nescientibuS,

354 1984 534 2052 parat,
561 1994 673 2055 per
691 1974 1087 2047 meretricem,
1115 1975 1279 2056 apud
1305 1993 1482 2055 quam
1504 1971 1750 2034 annulus
1773 1973 2039 2033 inventus
2067 1984 2182 2046 est,
2211 1959 2356 2054 cog'-

354 2070 542 2131 noscit
584 2071 826 2133 tandem
871 2071 958 2133 ita
997 2092 1035 2132 a
1077 2093 1143 2134 se
1192 2072 1455 2133 vitiatam
1495 2090 1764 2142 uxorem,
1817 2080 1879 2132 et
1920 2091 1996 2131 ex
2041 2091 2106 2132 se
2154 2083 2356 2132 natum

352 2165 554 2228 filium.
637 2168 859 2228 Primus
895 2178 1065 2230 actus
1103 2168 1456 2249 colloquium
1493 2167 1758 2228 continet
1799 2167 2127 2228 meretricis
2157 2168 2355 2229 Philo·

351 2263 480 2322 tidis
502 2283 576 2324 ac
602 2263 756 2324 lenae
786 2264 956 2346 Syrae
982 2263 1135 2325 inter
1164 2285 1230 2326 se
1254 2264 1524 2347 primum,
1544 2263 1758 2324 deinde
1786 2284 1922 2324 cum
1950 2265 2350 2327 Parmenone:

349 2369 409 2418 ut
429 2380 535 2440 per
554 2361 761 2421 harum
779 2382 1082 2442 personas,
1106 2382 1240 2443 quae
1262 2363 1593 2444 προτατικαὶ
1621 2360 1911 2433 dicuntur,
1939 2374 2350 2442 argumentum

349 2471 646 2538 spectator
673 2460 966 2522 addiscat.
1036 2459 1276 2521 Secundi
1309 2470 1474 2521 actus
1502 2471 1675 2520 tenor
1701 2460 1762 2518 in
1788 2459 1904 2519 hoc
1933 2471 2052 2529 est;
2094 2459 2348 2522 immeri-

349 2566 460 2615 tam
489 2577 761 2631 uxorem,
786 2557 965 2617 veluti
992 2557 1207 2618 malam
1234 2578 1488 2630 socrum,
1528 2569 1765 2617 accusat
1792 2557 2062 2637 Laches:
2114 2569 2176 2617 et
2204 2580 2346 2618 con·

297 2644 298 2647 ¹
346 2653 502 2715 venit
531 2653 886 2734 Phidippum
916 2654 993 2715 de
1020 2655 1232 2717 eadem
1261 2675 1458 2716 causa.
1550 2654 1761 2716 Statim
1788 2664 1925 2736 post
1950 2675 2199 2734 quorum
2228 2657 2351 2716 col-

346 2749 605 2830 loquium
639 2751 981 2831 conquestio
1018 2752 1311 2813 inducitur
1340 2754 1641 2826 Sostratae,
1678 2753 1837 2831 quod
1873 2752 2084 2813 falsum
2124 2753 2349 2813 crimen

341 2845 805 2928 invidiosumque
859 2848 1162 2911 sustineat.
1266 2851 1455 2909 Tertio
1507 2859 1673 2910 actus
1721 2849 1848 2909 haec
1903 2849 2343 2910 adscribuntur:

344 2945 706 3025 Conquestio
738 2945 1025 3026 Pamphili
1053 2965 1304 3027 peregre
1344 2947 1668 3019 redeuntis,
1698 2947 1775 3006 de
1818 2965 2016 3006 amore
2043 2967 2152 3007 suo
2186 2947 2347 3007 circa

336 3061 604 3105 uxorem:
649 3042 959 3104 Pal-titudo
988 3044 1387 3105 Philumenoe:
1442 3044 1723 3105 Sostratae
1751 3045 1933 3103 verba
1962 3064 2139 3123 super
2167 3046 2341 3122 aegri-

337 3140 603 3199 tudinem
638 3158 838 3212 nurus,
878 3160 1058 3226 quam
1093 3142 1299 3201 morbo
1340 3141 1530 3202 credit
1570 3140 1877 3201 afflictam:
1938 3140 2137 3199 Fletus
2170 3140 2342 3199 Pam·

329 3236 477 3314 phili
502 3236 768 3308 errantis,
799 3257 977 3317 quum
1003 3248 1174 3319 putat
1199 3258 1319 3298 non
1348 3259 1429 3300 ex
1449 3258 1516 3299 se
1543 3237 1726 3297 filium
1753 3245 1954 3295 natum
1983 3255 2131 3297 esse.
2206 3236 2345 3296 Col-

332 3332 599 3414 loquium
630 3334 1008 3417 Parmenonis
1037 3354 1172 3395 cum
1207 3333 1403 3416 pueris
1436 3354 1474 3395 a
1513 3336 1647 3395 navi
1686 3332 2073 3405 venientibus,
2111 3344 2176 3394 ut
2203 3353 2338 3392 mox

331 3430 605 3510 loquatur
648 3450 784 3491 cum
830 3430 959 3515 ipso
988 3431 1228 3511 (rectius
1269 3430 1395 3493 Ms.
1433 3440 1489 3490 ct
1525 3452 1647 3492 mox
1686 3452 1804 3489 cum
1844 3431 1961 3507 ipso
1999 3429 2098 3506 L.)
2167 3430 2343 3492 Pam-

329 3527 533 3605 philo;
568 3547 607 3588 a
630 3548 750 3609 quo
776 3528 836 3587 in
863 3548 1066 3590 arcem
1085 3529 1355 3589 mittitur.
1425 3527 1579 3587 Item
1597 3516 1897 3598 Lachetis,
1928 3525 2339 3607 Phidippique‚

327 3636 391 3684 et
424 3624 717 3707 Pamphili
752 3627 936 3688 verba
971 3626 1049 3686 de
1091 3623 1534 3687 reconcilianda
1576 3622 1658 3682 illi
1697 3628 1988 3703 conjuge:
2040 3633 2102 3684 et
2143 3643 2345 3683 eorum

323 3721 660 3782 abinvicem
680 3720 937 3802 litigiosa
955 3719 1256 3784 dissensio.
1324 3720 1599 3795 Quartum
1626 3731 1821 3782 actum
1843 3721 1975 3781 haec
2000 3722 2343 3800 complent:

326 3818 708 3879 Pei-turbatio
731 3818 1060 3901 Myrrhinae
1081 3840 1161 3881 ex
1189 3820 1521 3880 interventu
1549 3819 1776 3881 mariti:
1820 3828 1882 3878 et
1907 3817 2174 3894 ejusdem
2202 3837 2340 3879 cum

324 3936 398 3975 eo
429 3917 603 3976 nimis
634 3916 849 3977 callida
883 3937 956 3978 ac
991 3917 1290 3978 muliebris
1326 3915 1556 3976 astutiae
1597 3915 1978 3996 disceptatio:
2039 3914 2341 3986 Sostratoe,

321 4014 645 4093 Pamphili,
673 4013 1074 4095 Lachetisque
1102 4013 1459 4095 colloquium
1482 4036 1500 4073 z
1555 4012 1896 4075 inclamatio
1937 4013 2118 4093 patris
2147 4024 2207 4072 et
2244 4032 2340 4073 so-

316 4111 448 4171 ceri
498 4110 811 4171 adversum
862 4110 1233 4191 Pamphilum
1274 4130 1518 4173 uxorem
1565 4121 1967 4171 recusantem:
2024 4108 2338 4188 conventio

311 4207 647 4268 meretricis
673 4208 1067 4289 promittentis
1099 4228 1165 4269 se
1196 4208 1608 4287 jusjurandum
1635 4206 1912 4267 matronis
1952 4206 2338 4267 exhibituram

311 4305 393 4365 de
427 4323 554 4364 non
580 4303 834 4366 admisso
876 4305 954 4367 ad
996 4325 1060 4368 se
1099 4304 1425 4386 Pamphilo.
1512 4305 1586 4364 In
1613 4305 1807 4383 quinto
1841 4313 1983 4367 actu
2025 4302 2339 4364 Bacchidis
