2917 4900
434 379 550 439 ex*
939 375 1069 441 DE
1134 374 1516 439 METRIS
1577 372 2026 439 *commta

439 569 541 618 tue
566 554 741 617 simul
766 553 894 617 fiat.
921 553 1045 618 vid.
1074 555 1226 617 Eun.
1256 555 1345 616 11.
1371 556 1459 618 11.
1486 561 1589 620 24.
1615 568 1678 621 et
1703 556 1827 621 111.
1847 558 1931 622 Va
1955 560 2058 620 44.
2127 553 2199 615 ln
2235 552 2350 616 hac
2383 549 2555 619 deur.

441 682 562 745 que
593 680 869 725 versuum
905 663 1192 725 varietate
1232 662 1431 728 Latini
1469 662 1662 739 secuti
1700 674 1840 725 aunt
1867 662 2138 736 Graecae,
2182 660 2386 724 Graeci
2409 680 2555 723 vero

441 781 732 843 naturam,
761 770 856 831 cui
882 790 1113 852 semper
1140 780 1316 852 grata
1341 781 1433 832 est
1456 769 1823 832 vicissitudo.

450 920 463 931 .
526 876 709 944 Quod
734 876 812 937 ad
836 875 1085 939 alteram
1112 874 1524 955 quaestionem,
1567 896 1679 939 cur
1707 876 2070 938 diversorum
2107 893 2395 957 generum
2419 892 2554 936 ver-

443 1000 546 1045 aua
570 979 889 1045 Terentius
916 980 1185 1054 misceat,
1212 992 1276 1042 et
1301 1001 1463 1043 nunc
1483 983 1789 1045 trimetrum
1813 984 2170 1056 ectr-metris,
2197 1000 2353 1043 nune
2378 988 2557 1043 tetra-

441 1095 671 1149 uem
697 1087 966 1146 trimetris
991 1086 1225 1160 inserat,
1254 1106 1410 1148 nunc
1448 1087 1513 1148 in
1554 1088 1796 1150 divertis
1837 1098 2281 1150 teir-metrorum
2326 1086 2561 1169 generi-

440 1193 553 1255 bus
582 1190 745 1253 idem
770 1191 986 1263 faciat3
1025 1192 1140 1255 hoc
1180 1211 1417 1273 quoque
1462 1193 1684 1254 facttum
1727 1192 1974 1254 arbitror
2019 1194 2098 1255 ob
2140 1191 2382 1254 easdem
2423 1192 2556 1254 fere

440 1316 670 1371 causas,
692 1308 770 1357 .et
794 1308 863 1357 ut
904 1297 965 1356 in
1004 1296 1419 1378 prolixioribus
1447 1298 1658 1363 ecoenis
1684 1297 2006 1361 dormitans
2045 1298 2238 1359 lector.
2262 1288 2344 1359 eil
2381 1316 2558 1359 aurea

434 1403 771 1483 arrigendae
796 1403 1123 1475 excitetur;
1163 1405 1273 1466 sed
1296 1424 1532 1485 semper
1573 1405 1899 1466 commodis
1924 1405 1988 1465 in
2013 1404 2182 1475 locis,
2227 1414 2291 1464 et
2317 1403 2420 1464 ubi
2446 1422 2548 1465 rea

439 1509 572 1588 ipsa
602 1507 959 1569 mutationes
985 1508 1269 1586 ejusmodi
1311 1510 1405 1569 vel
1432 1510 1682 1571 suadere
1718 1511 1813 1571 vel
1857 1511 1979 1591 pati
2018 1510 2229 1571 eeltem
2263 1510 2558 1573 videatur.

446 1615 593 1683 Duo
617 1636 758 1677 vero
787 1635 1027 1696 genera,
1057 1616 1219 1696 quod
1247 1625 1422 1679 antea
1439 1616 1661 1689 monui,
1686 1627 1805 1677 tam
1833 1634 2043 1696 parum
2060 1615 2214 1676 inter
2230 1635 2298 1679 ze
2318 1608 2559 1688 dist'am,

446 1730 517 1791 ut
555 1739 758 1780 eorum
803 1720 1044 1781 mistura
1084 1719 1296 1782 merito
1337 1721 1502 1781 nulla
1526 1721 1753 1784 censeri
1780 1698 2024 1797 debeat:
2060 1722 2391 1783 trochaicum
2419 1721 2559 1784 dico

448 1834 493 1887 t,
514 1846 563 1884 c.
594 1826 978 1905 etjambicum.
1000 1835 1045 1887 t.
1073 1835 1218 1886 aeut.
1250 1845 1389 1887 cum
1413 1827 1541 1887 sola
1560 1828 1707 1889 inter
1734 1847 1936 1889 versus
1957 1847 2061 1889 eos
2100 1825 2430 1899 differentia
2452 1827 2552 1902 ait,

449 1931 613 2012 quod
641 1932 888 1993 alterum
915 1934 991 1993 ab
1028 1931 1196 1993 initio
1235 1932 1387 1993 alter
1423 1953 1543 1995 una
1568 1933 1794 2015 syllaba
1817 1934 1913 1995 vel
1939 1932 2241 2014 semipede
2282 1933 2560 2002 excedat.

451 2037 662 2118 Atque
688 2037 820 2097 haec
855 2036 930 2098 de
960 2038 1250 2098 trochaicis
1277 2046 1334 2097 et
1352 2040 1620 2117 jarnbicis
1662 2039 1976 2121 generibus
2002 2038 2162 2100 dicta
2186 2039 2322 2101 sint.
2405 2039 2560 2100 Sunt
2633 2024 2642 2031 ⁹
2755 2048 2768 2057 “

451 2143 674 2205 veroin
698 2143 996 2204 veteribus
1036 2143 1274 2204 comicis
1301 2156 1519 2225 praeter
1561 2146 1710 2221 haec,
1753 2147 2028 2228 exempla
2066 2146 2340 2227 quaedam
2382 2166 2562 2229 gene-

450 2249 531 2308 ris
579 2250 757 2310 etiam
799 2249 1066 2330 paeonici,
1110 2268 1315 2310 versus
1356 2250 1587 2315 scilicet
1629 2253 1935 2316 bacchiaci
1982 2264 2046 2314 et
2095 2252 2337 2325 cretici;
2404 2273 2558 2333 quos

452 2356 613 2436 apud
653 2357 925 2421 Plautum
963 2377 1183 2437 magno
1208 2377 1455 2420 numero
1484 2371 1548 2421 et
1572 2359 1634 2420 in
1661 2361 1818 2421 omni
1861 2359 1990 2420 fere
2031 2358 2236 2423 fabula
2269 2358 2560 2433 invenias,

451 2463 561 2524 aed
587 2463 649 2528 in
674 2464 955 2525 Terentio
994 2476 1117 2526 tam
1158 2465 1334 2547 pauci
1376 2476 1536 2538 sunt,
1578 2476 1645 2526 ιιι
1667 2486 1746 2527 ne
1771 2465 1872 2526 uni
1910 2465 2145 2547 quidem
2187 2465 2419 2547 paginae
2452 2465 2566 2525 im-

451 2570 686 2650 plendae
707 2570 1032 2632 sufficiant:
1062 2571 1141 2632 de
1167 2571 1377 2651 quibua
1405 2570 1485 2631 ad
1510 2571 1645 2633 loca
1666 2590 1776 2633 sua
1800 2571 1940 2634 satis
1966 2571 2108 2646 dixi,
2137 2583 2205 2631 ut
2229 2571 2302 2631 iis
2326 2571 2424 2633 hic
2449 2571 2562 2631 im-

451 2675 665 2746 morari
689 2676 862 2756 plane
882 2696 1384 2757 supervacaneum
1411 2676 1507 2737 sit.

535 2781 731 2860 Pergo
755 2781 933 2861 igitur
959 2782 1038 2843 ad
1063 2782 1307 2844 alteram
1334 2782 1509 2859 hujus
1531 2782 1785 2844 instituti
1807 2793 2057 2865 partem,
2101 2801 2348 2862 eamque
2380 2782 2562 2862 longe

455 2886 863 2962 difficillimam,
894 2890 972 2950 de
1000 2890 1237 2950 licentiis
1268 2888 1487 2965 dicere,
1520 2887 1734 2969 quibus
1772 2898 1999 2949 veteres
2035 2887 2248 2949 comici
2283 2887 2374 2947 usi
2398 2899 2561 2961 sunt,

455 3013 775 3075 earumque
818 2995 1028 3055 modos
1076 3006 1139 3056 et
1184 2995 1443 3056 rationes
1481 3013 1799 3076 exponere.
1878 2993 1954 3056 In
1977 2992 2190 3073 quibus
2226 2992 2563 3073 intelligen-

456 3102 547 3163 dis
590 3122 726 3165 cum
767 3101 1026 3164 viderem
1067 3122 1165 3163 me
1205 3122 1413 3183 parum
1454 3101 1722 3181 adjutum
1760 3119 1799 3160 a
1837 3099 1923 3158 rei
1963 3097 2227 3191 metricoe
2266 3098 2565 3180 scriptori-

455 3208 584 3281 bus,
614 3229 860 3291 quorum
884 3220 1173 3271 tractatus
1208 3210 1324 3270 hac
1359 3208 1420 3269 in
1448 3218 1618 3288 parte
1641 3216 1782 3267 sunt
1807 3223 1989 3286 supra
2015 3223 2192 3286 quam
2219 3203 2336 3265 dici
2362 3215 2566 3286 potest

455 3316 683 3382 steriles
704 3328 767 3376 et
782 3315 991 3394 jejuni,
1012 3333 1149 3376 eum
1175 3334 1381 3386 eorum
1427 3332 1601 3374 nemo
1626 3313 1684 3372 in
1711 3330 1838 3372 rem
1871 3310 2045 3371 altius
2084 3308 2428 3392 penetrarit,
2458 3321 2565 3370 aut

452 3420 767 3501 quicquam
807 3421 977 3483 solidi
1019 3420 1341 3493 tradiderit,
1385 3431 1603 3500 praeter
1649 3415 1915 3497 vulgaria
1940 3416 2043 3478 illa
2081 3434 2215 3497 quae
2258 3413 2319 3474 in
2373 3414 2561 3475 triviis

455 3536 599 3588 nota
635 3536 809 3599 sunt3
862 3527 1106 3588 decrevi
1150 3537 1289 3587 ante
1327 3525 1526 3587 omnia
1571 3523 1912 3583 licentiarum
1954 3540 2159 3583 causas
2194 3532 2257 3582 et
2301 3521 2561 3603 origines

456 3643 735 3714 quantum
756 3633 921 3713 potui
948 3631 1323 3713 investigare,
1353 3642 1417 3692 et
1442 3629 1555 3689 nisi
1574 3627 1881 3709 plurimum
1908 3627 2102 3702 fallor,
2130 3646 2402 3709 quaenam
2426 3626 2562 3688 fue-

452 3738 583 3811 rint,
614 3757 731 3798 non
754 3740 999 3802 obscure
1013 3737 1407 3819 deprehendi.

468 3911 477 3918 ,
535 3845 611 3906 In
638 3846 833 3927 primis
880 3846 1054 3927 igitur
1107 3845 1411 3907 sciendum
1453 3854 1546 3904 est
1583 3842 1831 3902 licentias
1879 3840 2254 3914 comicorum,
2285 3840 2448 3922 quod
2485 3839 2565 3904 ad

453 3962 682 4033 partein
710 3971 909 4012 earum
938 3953 1117 4031 longe
1144 3951 1479 4024 maximam,
1506 3949 1677 4008 unius
1706 3967 1836 4009 esee
1856 3949 2110 4029 generis,
2140 3959 2202 4010 et
2218 3948 2280 4008 in
2306 3948 2370 4009 id
2398 3948 2562 4020 ferri,

454 4070 523 4126 ut
561 4058 908 4139 popularem
949 4056 1362 4139 pronuntiandi
1400 4054 1886 4118 consuetudinem
1915 4065 2361 4135 repraesentent.
2405 4054 2564 4116 Cum

455 4163 610 4232 enim
648 4165 939 4226 comoedia
983 4165 1045 4224 in
1088 4183 1163 4225 eo
1211 4174 1336 4224 tota
1382 4163 1455 4223 sit
1497 4173 1565 4223 ut
1609 4182 1750 4223 vera
1775 4162 1913 4223 vitae
1939 4162 2214 4225 humanae
2238 4163 2316 4224 ait
2342 4162 2562 4242 imago,

452 4289 573 4331 non
620 4271 761 4333 satis
811 4283 937 4333 erat
980 4290 1081 4332 eas
1107 4269 1215 4332 sibi
1244 4270 1519 4332 materias
1569 4290 1823 4346 sumere,
1851 4290 2048 4363 quoee
2063 4269 2413 4352 ,quotidiana
2439 4270 2564 4334 vita
