2917 4900
541 405 661 462 342
905 395 1130 460 AEL11.
1174 395 1382 458 DoN.
1430 395 1694 459 PRAEF.
1736 395 1832 458 IN
1874 396 2211 461 PHORM.

537 581 631 641 Ma
659 579 927 659 Valerio,
956 590 1019 642 et
1046 581 1118 643 C.
1148 579 1371 641 Fannio
1400 593 1554 641 coss.
1584 576 1848 639 Persona
1895 580 2074 640 etiam
2107 579 2169 639 in
2205 579 2378 659 hujus
2405 599 2544 660 pro·

536 677 648 742 tasi
674 697 795 739 non
821 696 940 739 una
967 690 1078 751 est,
1106 676 1213 739 sed
1240 677 1411 739 duaez
1451 694 1699 757 quarum
1725 674 1910 737 altera
1936 686 2105 738 extra
2129 686 2541 756 argumentum

535 774 729 856 posita
769 784 879 848 est,
922 775 1016 835 cui
1059 784 1329 837 narratur
1374 773 1611 835 fabulet
1672 775 1862 835 altera
1899 774 1962 834 in
1997 784 2370 853 argumento,
2412 794 2547 854 quae

536 881 732 932 narrat
761 869 1042 933 fabulam.
1128 871 1569 950 Argumentum
1594 891 1830 951 quoque
1856 890 1974 930 non
2010 869 2291 951 simplic‘n
2318 870 2545 950 negotii

537 968 755 1031 habet:
804 988 920 1029 nec
954 968 1125 1029 unius
1165 967 1576 1042 adolescentis,
1602 980 1671 1028 ut
1706 969 1765 1027 in
1792 967 2073 1048 Hecyra:
2123 967 2229 1029 sed
2272 968 2542 1041 duorum,

536 1078 606 1128 ut
629 1065 693 1127 in
718 1066 946 1127 eaeteris
970 1063 1203 1127 fabulis.
1287 1064 1455 1127 Scire
1482 1074 1679 1126 autem
1716 1064 1990 1125 convenit
2016 1084 2136 1125 uno
2172 1063 2268 1126 die
2296 1064 2544 1145 transigi

537 1162 952 1225 Phormionem
968 1184 988 1224 ε
1032 1182 1173 1236 non,
1202 1174 1270 1223 ut
1298 1161 2030 1235 Heautontimommenon‚
2058 1161 2309 1223 duobus.
2393 1162 2543 1224 Pro-

534 1262 706 1341 logus
731 1269 999 1341 correpte
1027 1260 1141 1321 ἀπὸ
1158 1267 1254 1320 τοῦ
1279 1265 1586 1341 προλέγων
1604 1257 1838 1331 dicitur,
1851 1277 1971 1319 non
1992 1258 2282 1338 producte
2302 1261 2419 1320 ἀπὸ
2439 1275 2541 1321 τοῦ

534 1362 929 1437 arpen-omar.
1010 1356 1168 1417 Nam
1200 1356 1452 1418 officium
1484 1355 1717 1437 prologi
1743 1367 1882 1416 ante
1908 1357 2205 1418 actionem
2234 1358 2384 1436 (Ms.
2413 1368 2543 1419 ante

536 1464 750 1514 narrat.
778 1453 878 1532 L.)
901 1454 1139 1534 quidem
1166 1455 1252 1515 rei
1277 1473 1513 1535 semper
1539 1462 1662 1514 estz
1707 1462 2107 1514 verumtamen
2134 1464 2197 1514 et
2223 1463 2355 1533 post
2379 1454 2541 1536 prin.

441 1613 450 1622 ,
539 1550 755 1631 cipium
783 1549 1001 1611 fabulae
1027 1549 1342 1627 inducitur,
1368 1563 1436 1613 ut
1462 1550 1623 1633 apud
1645 1549 1919 1611 Plautum
1945 1550 2007 1610 in
2036 1549 2236 1610 Milite
2264 1545 2539 1632 glorioso,

539 1657 601 1711 et
625 1648 782 1730 apud
811 1660 1058 1711 coeteros
1082 1669 1312 1732 magnae
1340 1648 1704 1714 auctoritatis
1729 1659 1960 1710 veteres
1984 1659 2210 1731 poetas.
