2917 4900
507 400 764 464 xxxviii*
926 394 1221 460 JULu?
1258 392 1688 457 cAEsARrs
1745 390 2274 454 SCALIGERI

506 581 742 643 Latina.
782 578 913 641 illos
961 598 1040 639 ex
1087 575 1421 637 Eunucho:
1480 576 1597 636 10³1·
1638 575 1843 654 aliquot
1884 573 2502 635 adokscmulicoinm
2540 573 2604 634 fn

486 688 709 747 -Piroeo.
762 684 1066 766 Siquidem
1096 681 1555 742 Ruffinusautor
1581 668 1691 754 est,-
1720 680 1978 740 eundem
2006 679 2331 751 Varronem
2359 679 2443 739 ita
2476 697 2607 739 seu-

494 791 669 863 sisse,
698 810 929 851 versum
962 787 1353 869 septenarium
1380 786 1528 859 fieri,
1560 806 1694 847 cnm
1720 786 1799 845 ad
1825 785 2114 846 senarium
2138 768 2244 865 pes
2270 781 2607 863 trisyllabum

488 897 861 957 adderetur:
924 894 1201 974 additque
1244 893 1576 973 exemplam
1613 891 1818 952 iisdem
1865 891 2142 963 muneris,
2197 910 2276 950 ex
2320 890 2566 970 Hecyra
2585 910 2605 949 ε

492 1023 651 1063 παπτ-
668 1004 719 1061 si
743 1002 1025 1061 remittant
1051 1000 1325 1077 quippimn
1353 999 1680 1057 Philumene
1714 999 1937 1057 dolores.
2020 997 2161 1056 Non
2195 996 2390 1056 solum
2426 994 2608 1074 igitur

506 1128 547 1169 a
574 1128 640 1168 se
676 1106 944 1167 dissentit
971 1107 1118 1185 ipse,
1160 1124 1363 1164 verum
1401 1104 1576 1164 etiam
1603 1112 1760 1164 errat
1785 1100 2136 1162 definiendo.
2218 1099 2376 1159 Nam
2403 1109 2466 1160 et
2486 1118 2611 1159 ma-

404 1220 411 1227 ’
497 1219 597 1291 jor
624 1224 718 1273 est
742 1211 1097 1293 septenario,
1138 1220 1202 1269 et
1241 1208 1571 1288 trisyllabus
1597 1207 2009 1288 pes-bacchius
2035 1206 2386 1287 prsoesertimr
2405 1204 2613 1281 jambo

509 1338 629 1379 non
653 1318 842 1377 solum
870 1326 960 1377 est
990 1314 1364 1386 adventitius,
1394 1314 1505 1374 sed
1531 1314 1708 1374 etiam
1735 1312 1969 1373 alterius
1999 1322 2219 1373 traems
2249 1310 2481 1382 diversi,
2508 1328 2616 1370 ne-

496 1440 631 1502 que
659 1420 872 1500 dignus
903 1421 1004 1501 qui
1030 1420 1091 1480 in
1124 1418 1364 1499 jambici
1392 1418 1793 1480 definitionem
1817 1417 2174 1490 admittatur,
2215 1429 2280 1477 et
2302 1415 2613 1476 ridiculum

509 1538 623 1600 est,
651 1547 771 1588 non
790 1526 982 1607 potius
1011 1525 1409 1607 septenarium
1431 1545 1508 1584 ex
1532 1524 1792 1606 septenis
1818 1524 1966 1597 fieri,
1988 1525 2141 1584 sieut
2167 1542 2242 1583 ex
2268 1520 2421 1581 senis
2446 1536 2613 1580 sena·

507 1631 680 1708 rium,
717 1652 956 1711 quam‘e
981 1633 1210 1707 senario
1237 1642 1301 1693 et
1322 1651 1445 1693 uno
1462 1631 1651 1712 pede:
1693 1641 1859 1691 tanto
1886 1630 2076 1690 minus
2100 1625 2418 1708 trisyllabo.
2437 1674 2450 1681 -
2488 1620 2614 1686 Sed

502 1737 787 1816 profecto
825 1756 1069 1818 magnos
1104 1737 1259 1798 viros
1284 1736 1564 1797 autoritas
1579 1754 1754 1817 saepe
1785 1736 1940 1796 texit
1966 1735 2139 1796 etiam
2174 1732 2342 1793 male
2356 1731 2616 1807 sentien-

504 1850 638 1901 tes:
680 1843 834 1903 sicut
862 1844 1211 1905 Ciceronem
1234 1862 1468 1923 quoque
1506 1842 1660 1921 fugit
1693 1842 1862 1914 ratio,
1899 1860 2032 1900 cum
2073 1840 2134 1899 in
2160 1837 2347 1919 prima
2379 1835 2612 1918 qnoesti·
2629 1870 2636 1879 =

504 1964 637 2006 one
668 1946 1047 2009 Thuseulana
1083 1948 1462 2029 septenarios
1486 1956 1662 2008 vocat
1699 1947 1861 2008 illos:
1921 1948 2021 2006 heu
2075 1945 2354 2023 reliquias
2370 1942 2613 2003 sanias-si

504 2051 673 2129 mgis·
684 2053 966 2112 denudatis
990 2055 1213 2127 ossibus,
1242 2055 1357 2112 Per
1380 2062 1588 2113 terrm
1609 2054 1760 2113 sanie
1786 2051 2203 2132 delibutasfoede
2228 2051 2322 2110 diu
2345 2048 2610 2109 marier-

502 2151 795 2213 Erasmus
818 2154 1142 2215 Varronem
1163 2167 1423 2229 secutus,
1464 2166 1869 2216 tetrametrum
1893 2156 2074 2216 nihilo
2099 2155 2325 2216 felicius
2348 2153 2610 2234 explica·

504 2254 596 2323 ,vit
625 2255 741 2337 illis
764 2258 972 2331 verbis,
1010 2259 1772 2338 jambicum-tetrametrum
1797 2260 2178 2321 interdum-in
2201 2259 2319 2319 fine
2341 2257 2619 2335 ³fraudati
2661 2270 2670 2279 '

504 2380 633 2421 una
659 2361 887 2442 syllaba
911 2365 1198 2445 producta
1216 2365 1565 2447 penultima,
1608 2366 1840 2445 quoties
1853 2366 2112 2443 jambico
2139 2365 2391 2427 dimetro
2411 2360 2624 2425 accini-

506 2480 608 2530 tur
644 2467 893 2532 dimeter
940 2470 1337 2534 catalecticus.
1420 2471 1578 2531 Nam
1618 2471 1763 2551 quid
1802 2471 2089 2532 attinebat
2128 2468 2324 2531 disere
2345 2468 2620 2549 penulti-

509 2597 673 2638 mam
708 2579 1095 2659 productam?
1134 2579 1520 2660 nequeenim
1554 2578 1943 2640 necessarium
1985 2577 2103 2638 hoc
2145 2587 2277 2637 est:
2320 2595 2458 2657 quo,
2480 2575 2618 2637 loco

509 2693 575 2750 et
587 2683 911 2745 tribrachus
938 2705 1068 2747 esse
1092 2697 1292 2766 potest
1319 2697 1380 2747 et
1401 2685 1673 2765 dactylus
1694 2707 1713 2745 z
1755 2685 2000 2765 quorum
2024 2682 2614 2763 syllabaefflosttemee

509 2788 722 2848 breves
751 2799 906 2849 sunt.
990 2792 1118 2850 Aut
1143 2812 1281 2872 quse
1305 2801 1397 2852 est
1422 2791 1528 2851 illa
1544 2790 1876 2871 explicatio,
1917 2789 2080 2870 quasi
2109 2807 2244 2849 cum
2285 2788 2469 2860 dicas,
2512 2787 2620 2847 ho-

511 2892 654 2952 mini
676 2893 972 2956 interdum
1009 2897 1351 2976 pes·deest3·
1374 2897 1862 2979 quotiesintegro
1888 2894 2291 2966 semihomine,
2331 2891 2503 2952 alteri
2527 2910 2622 2951 se-

510 2995 813 3057 mhomini
854 3017 962 3077 pes
998 3000 1186 3063 deest.
1280 3002 1363 3063 At
1404 3021 1547 3064 vero
1589 3002 1720 3083 quis
1762 3001 1947 3062 nescit
1988 3009 2380 3070 tetrametros,
2421 3016 2540 3057 non
2583 3014 2623 3058 e

513 3102 747 3166 duobus
794 3101 1078 3178 dimetris‚
1126 3105 1236 3166 sed
1275 3126 1356 3166 ex
1399 3117 1651 3185 quamor
1698 3104 2152 3168 dimensionibus
2195 3113 2467 3164 constare
2485 3100 2514 3160 ’ἰ
2572 3102 2625 3163 si

511 3207 641 3287 quis
666 3207 762 3268 vel
789 3208 1002 3288 partim
1032 3209 1368 3271 consideret
1389 3210 1695 3282 rationem,
1739 3229 1987 3291 quarum
2014 3208 2255 3288 singulis
2282 3210 2508 3291 aequale
2524 3212 2623 3288 jus

511 3312 592 3374 sit
615 3313 676 3373 in
703 3333 916 3400 versu}
958 3312 1054 3373 vel
1084 3313 1366 3394 originem
1391 3314 1578 3395 ipsam
1605 3315 1880 3375 intuatur.
1962 3313 2174 3393 Neque
2202 3313 2362 3376 enim
2384 3314 2623 3376 Boistus

510 3416 634 3489 ine,
657 3418 877 3480 aliusve
904 3418 1212 3499 quispiam,
1234 3421 1487 3482 dimetro
1511 3422 1823 3483 dimetrum
1851 3421 2105 3501 aptavit:
2147 3420 2255 3484 sed
2272 3419 2623 3495 trimetrum,

514 3542 693 3604 quem
735 3534 862 3584 tum
894 3523 1291 3602 longissimum
1314 3525 1637 3601 invenerat,
1679 3537 2112 3590 monometrum
2139 3525 2380 3588 addidit.
2397 3581 2412 3590 ,
2462 3525 2625 3586 Proe-

511 3638 679 3689 terea
716 3629 849 3709 quis
873 3628 1278 3705 hocaudiens,
1317 3652 1436 3693 non
1463 3643 1635 3712 putet
1666 3652 1800 3694 esse
1825 3632 1990 3693 nefas
2016 3651 2298 3696 caesuram
2336 3631 2533 3698 facere
2559 3631 2621 3692 in

514 3732 719 3813 quinto
745 3733 920 3813 pede,
943 3733 993 3793 si
1013 3733 1251 3815 quidem
1278 3755 1354 3797 ex
1380 3738 1616 3800 duobus
1646 3736 1908 3798 dimetria
1932 3747 2340 3800 tetrametrum
2363 3729 2456 3798 est
2480 3756 2621 3797 con-

513 3837 944 3898 sarcinandum.
990 3871 998 3880 ·
1025 3839 1186 3906 Quid
1220 3840 1381 3920 quod
1412 3841 1573 3903 idem
1607 3844 1823 3906 abusus
1860 3853 1950 3904 est
1995 3841 2222 3904 dimetri
2258 3841 2624 3921 trimetrique

514 3943 935 4023 appellatione,
968 3962 1106 4003 nam
1148 3945 1548 4024 imprudentes
1573 3966 1806 4010 versum
1837 3947 2000 4010 illum
2026 3966 2120 4008 ex
2155 3946 2388 4007 Andria
2417 3946 2627 4024 jambi·

513 4067 652 4109 cum
691 4058 1121 4128 pentametrum
1161 4048 1309 4111 dixit
1337 4070 1468 4113 esse
1495 4052 1712 4115 nocane
1745 4054 1992 4118 credibile
2019 4062 2101 4112 est
2128 4061 2242 4122 aut.
2251 4052 2583 4130 numerabile
2598 4073 2620 4112 .-

512 4153 613 4235 qui
655 4164 814 4216 esset
853 4152 1118 4214 trimeter
1147 4154 1774 4235 brachycatalecticus.
1857 4156 2069 4237 Neque
2096 4156 2253 4218 enim
2287 4154 2446 4218 idem
2489 4173 2620 4217 esse

514 4264 741 4341 μέτρον,
780 4269 844 4322 et
882 4257 1118 4342 pedem,
1158 4276 1334 4340 supra
1367 4256 1658 4323 diximus:
1713 4259 1824 4325 sed
1855 4267 2061 4344 μέτρον
2091 4280 2308 4345 capere
2338 4260 2618 4326 motorios
