2917 4900
685 789 820 859 DE
891 790 1338 860 RATIONE
1403 792 1726 861 METRI
1787 794 2410 865 TERENTIAM

1221 955 1364 1025 JO.
1429 955 1884 1023 LENGI'US.

568 1204 692 1266 DE
719 1204 935 1265 Metris
961 1204 1329 1266 Terentianis
1363 1217 1431 1266 ut
1456 1208 1645 1266 multa
1672 1205 1883 1278 dicam,
1912 1225 2106 1286 neque
2133 1204 2384 1265 instituti
2410 1204 2608 1265 nostri*

487 1313 741 1374 brevitas
769 1313 1025 1393 patitui-3
1067 1324 1127 1371 et
1161 1310 1411 1393 plurimi,
1437 1314 1537 1393 qui
1565 1313 1642 1373 de
1681 1312 1797 1373 bac
1829 1333 1896 1372 re
1928 1312 2300 1392 scripserunt,
2329 1310 2433 1370 viri
2464 1309 2607 1370 doc-a

483 1419 692 1481 tissimi
732 1439 1227 1501 supervacaneum
1272 1420 1397 1481 fere
1449 1420 1742 1479 fecerunt.
1827 1417 1950 1478 Sed
1998 1417 2275 1497 quoniam
2317 1417 2384 1476 in
2423 1415 2614 1475 variis-

482 1525 659 1603 hujus
696 1526 953 1586 auctoris
983 1526 1336 1588 lectionibus
1377 1526 1770 1605 dijudicandis
1807 1524 1973 1587 metri
2011 1524 2159 1586 ratio
2201 1521 2360 1585 haud
2394 1541 2600 1603 parum

475 1633 668 1712 juvat,
701 1632 926 1694 idcirco
958 1654 1149 1716 pauca
1183 1635 1474 1716 quaedam,
1516 1656 1651 1717 quae
1689 1634 1810 1696 huc
1851 1644 2148 1715 spectant,
2185 1628 2608 1711 praemittenda

486 1739 784 1800 duximus,

564 1845 791 1907 Versus
817 1846 1006 1926 igitur,
1034 1847 1247 1929 quibus
1267 1849 1450 1907 utitur
1477 1846 1810 1919 Terentius,
1844 1858 1980 1906 sunt
2008 1845 2353 1927 plerumque
2371 1842 2469 1903 vel
2493 1841 2603 1901 tri-

481 1953 650 2013 metri
678 1952 801 2012 sive
827 1953 1059 2026 senarii,
1089 1954 1185 2013 vel
1212 1955 1542 2015 tetrametri
1574 1974 1682 2015 seu
1710 1953 2021 2015 octonarii:
2069 1952 2326 2014 dimetria
2355 1949 2600 2035 quidem

478 2076 920 2138 nonnunquam,
945 2057 1055 2119 sed
1078 2059 1277 2133 rarius,
1306 2059 1524 2132 utitur;
1563 2058 1936 2121 monometris
1963 2058 2269 2121 rarissime.

1343 2219 1439 2279 De
1467 2218 1736 2279 Semi-iis.

559 2374 787 2435 Notum
827 2386 919 2437 est
958 2376 1231 2437 Senarios
1273 2377 1413 2438 olim
1448 2378 1743 2461 perfectos
1783 2399 1889 2441 sex
1923 2379 2174 2462 pedibus
2203 2380 2417 2458 jambis
2455 2400 2610 2442 con-

480 2482 699 2546 stitisse
716 2506 736 2546 2
780 2482 969 2565 qualis
999 2493 1109 2556 est,
2251 2503 2258 2508 ·

963 2628 1282 2687 Amantium
1306 2630 1409 2688 iroe
1432 2630 1633 2689 &noris
1656 2633 1958 2710 integratio
1986 2642 2090 2694 est.

482 2773 605 2832 Sed
632 2782 844 2853 praeter
868 2773 1030 2834 hunc
1049 2791 1282 2834 versum
1311 2772 1517 2833 nullibi
1543 2792 1640 2833 me
1667 2794 1877 2854 purum
1898 2774 2220 2854 jambicum
2248 2774 2404 2855 apud
2428 2774 2598 2840 hunc

478 2890 776 2938 auctorem
817 2878 1274 2959 deprehendisse
1312 2878 1589 2940 memini:
1636 2880 1796 2961 quod
1821 2880 1998 2940 etiam
2038 2878 2182 2940 facit
2221 2890 2289 2939 ut
2323 2881 2594 2957 credam,

475 2984 841 3065 proverbiale
862 2983 977 3043 hoc
995 2982 1177 3042 fuisse
1205 2981 1446 3056 dictum,
1472 2984 1547 3045 ab
1575 2985 1904 3064 antiquiore
1931 2985 2129 3065 aliquo
2152 2997 2333 3065 poeta
2357 2998 2589 3049 mutua-

470 3106 623 3155 tum.
702 3093 947 3154 Deinde
984 3103 1179 3154 autem
1217 3105 1526 3174 receptum
1564 3104 1675 3167 est,
1720 3101 1785 3150 ut
1825 3102 2042 3172 praeter
2076 3090 2289 3172 pedem
2318 3094 2592 3170 jambum

473 3201 816 3281 tribrachyn
845 3199 967 3280 (qui
984 3199 1055 3260 fit
1081 3210 1145 3259 et
1168 3199 1526 3260 resolutione
1540 3198 1749 3277 jambi)
1772 3198 1950 3260 etiam
1971 3199 2271 3279 spondeus
2298 3211 2363 3261 et
2384 3220 2592 3261 omnes

471 3308 661 3388 pedes
696 3306 797 3385 qui
839 3316 978 3365 sunt
1012 3305 1275 3381 ejusdem
1315 3325 1453 3366 cum
1496 3303 1759 3386 spondeo
1796 3305 2075 3386 temporis
2103 3308 2338 3388 (praeter
2362 3308 2592 3388 amphi-

469 3411 757 3491 brachyn)
793 3410 855 3469 in
892 3409 1131 3471 sedibus
1158 3411 1493 3492 imparibu8‚
1519 3432 1735 3493 nempe
1776 3412 1980 3493 prima,
2019 3412 2208 3486 tertia,
2236 3412 2439 3493 quinta
2476 3412 2588 3473 ad-

468 3518 878 3587 mitterentur3
915 3516 1078 3576 locos
1105 3536 1272 3596 pares
1300 3519 1339 3576 i.
1369 3540 1421 3578 e.
1447 3519 1791 3591 secundum,
1818 3529 2110 3599 quartum,
2140 3528 2371 3578 sextum
2409 3537 2588 3579 occu-

471 3633 655 3704 pante
681 3623 911 3684 interim
939 3623 1067 3683 solo
1094 3624 1308 3684 iambo.
1390 3624 1748 3701 Hujusmodi
1774 3644 1972 3684 versus
2001 3626 2159 3705 apud
2181 3623 2432 3684 Graecos
2459 3636 2588 3685 tam

473 3729 730 3812 comicos
766 3748 941 3810 quam
973 3729 1233 3809 tragicos
1261 3730 1639 3802 usitatissimi,
1670 3731 1831 3812 apud
1862 3742 2129 3792 nostrum
2161 3742 2464 3792 auctorem
2489 3731 2586 3793 iu-

466 3834 725 3907 ter-dum,
752 3834 862 3896 sed
887 3835 1078 3893 minus
1104 3833 1458 3913 frequenter,
1489 3848 1815 3918 apparent:
1857 3849 1948 3909 ut,

791 3980 1003 4039 Accede
1029 3980 1105 4039 ad
1126 3981 1306 4059 ignem
1332 3982 1492 4056 leuno,
1500 3984 1631 4059 jam
1658 3981 1886 4086 calesces
1904 3982 2031 4058 plus
2057 3981 2217 4039 satis.

469 4138 777 4198 Postremo
816 4136 1016 4216 igitur,
1040 4125 1128 4197 ,ut
1164 4148 1408 4198 metrum
1447 4136 1740 4198 comicum
1784 4138 1863 4197 ad
1910 4157 2242 4198 sermonem
2279 4139 2584 4216 vulg-arem

466 4245 705 4326 propius
726 4244 1064 4318 accederet,
1094 4245 1169 4303 de
1198 4245 1340 4304 sede
1378 4256 1549 4304 sexta
1574 4256 1800 4305 tantum
1830 4244 1951 4304 sive
1978 4243 2182 4304 ultima
2209 4243 2414 4304 soliciti
2445 4265 2584 4307 esse

467 4362 788 4433 coeperunt,
810 4364 876 4412 ut
904 4354 1088 4435 ipsam
1110 4370 1343 4433 semper
1361 4351 1597 4428 jambus
1626 4363 1944 4431 occuparet
1963 4375 1979 4424 ;
2017 4350 2077 4410 in
2099 4352 2330 4413 caeteris
2358 4364 2584 4430 autem,
