2917 4900
429 392 575 453 ixfi·
819 356 1408 451 soleamus
1481 380 2139 449 cAMsaAnms

430 576 630 656 Atque
652 573 854 636 ferunt
882 570 1131 654 Eupolis
1160 572 1222 633 in
1240 571 1388 632 mari
1416 571 1802 642 submersum,
1823 570 1899 630 ab
1935 568 2007 629 iis
2044 585 2191 658 quos
2216 562 2544 628 maledictis

428 681 694 742 lusisset.
736 679 893 740 Tum
920 678 1097 758 igitur
1132 677 1553 757 tragediarum
1589 677 1716 736 fere
1735 685 2089 754 argumenta
2114 673 2449 734 detulerunt
2485 672 2544 731 ia

348 830 357 842 .
427 805 689 858 scenam,
718 794 953 845 retexta
980 782 1057 844 ad
1078 783 1389 844 ridiculum
1415 783 1689 842 modum:
1719 784 1913 861 deque
1944 783 2061 842 hoc
2090 801 2311 861 genere
2330 780 2548 841 chorus

426 891 712 973 paulatim
740 890 1012 950 defluxit.
1057 889 1130 949 ln
1157 909 1278 968 quo
1298 909 1421 969 prae
1449 891 1681 951 caeteris
1705 890 1902 951 clarus
1925 888 2038 949 fuit
2067 889 2241 949 Plato
2261 886 2543 947 comicus.

428 997 610 1057 Hanc
622 1005 848 1057 secuta
867 1006 959 1055 est
979 1014 1133 1055 nova
1159 994 1470 1068 comoedia,
1507 995 1568 1054 in
1598 1015 1714 1076 qua
1732 995 1949 1075 primas
1969 994 2160 1055 tenuit
2180 993 2545 1067 Menander,

425 1102 693 1186 potiente
730 1120 923 1161 rerum
968 1100 1314 1161 Alexandro
1340 1120 1589 1180 magno:
1645 1112 1824 1181 atque
1862 1101 1994 1160 haee
2021 1100 2267 1161 chorum
2305 1097 2546 1158 omnino

429 1229 553 1270 non
578 1209 780 1282 habet,
809 1207 920 1269 sed
947 1219 1156 1267 ornatu
1175 1206 1337 1268 vario
1355 1218 1419 1267 et
1439 1205 1747 1287 multiplici
1773 1225 2154 1287 personarum
2175 1203 2419 1283 insignis
2437 1212 2550 1263 est.

427 1317 628 1396 Atque
653 1315 787 1375 haec
828 1311 1146 1373 indicanda
1195 1311 1454 1372 breviter
1481 1322 1542 1372 et
1587 1310 1836 1391 strictim
1883 1313 2109 1394 putavi,
2152 1312 2230 1371 de
2271 1310 2445 1371 initiis
2473 1329 2551 1372 ac

427 1418 933 1505 progressionibus
983 1416 1289 1478 comoedioe
1335 1417 1497 1499 apud
1538 1418 1803 1481 Graecos.
1849 1420 2026 1500 Apud
2054 1419 2301 1481 Latinos
2327 1428 2551 1490 autem,

428 1526 700 1589 scenicos
726 1524 895 1586 ludos
920 1524 1216 1587 institutos
1243 1523 1426 1585 fuisse
1455 1525 1530 1587 C.
1557 1525 1654 1585 vel
1677 1538 1746 1586 ut
1783 1526 1941 1601 alibi,
1981 1528 2057 1588 T.
2088 1527 2335 1609 Sulpitio
2365 1528 2550 1589 Baeti-

427 1652 503 1694 eo
530 1633 649 1711 (vel
668 1643 737 1692 ut
756 1631 915 1705 alibi,
946 1630 1174 1703 Petico,
1201 1631 1341 1691 alibi
1363 1632 1600 1709 Potico)
1629 1633 1700 1694 C.
1721 1633 1953 1696 Licinio
1982 1635 2227 1697 Stolone
2248 1637 2418 1697 Coss.
2438 1655 2548 1696 no-

427 1739 574 1802 tavit
605 1738 911 1802 Valeriusz
940 1750 1003 1800 et
1042 1738 1326 1820 paulatim
1352 1739 1640 1800 ludicram
1669 1750 1854 1803 artem
1884 1742 1963 1803 ad
1983 1754 2307 1825 satyrarum
2338 1743 2554 1809 modos

428 1845 783 1928 perrexisse,
811 1864 850 1905 a
876 1844 1087 1924 quibus
1127 1845 1349 1925 primus
1379 1846 1638 1905 omnium
1665 1861 1848 1928 poeta
1867 1849 2070 1910 Livius
2106 1849 2184 1912 ad
2212 1850 2546 1913 fabularum

424 1962 777 2031 argumenta
794 1951 1186 2031 spectantium
1217 1951 1423 2012 oculos
1443 1963 1506 2012 et
1533 1952 1757 2016 animos
1777 1956 2164 2021 transtulerit.
2209 1956 2423 2018 Cicero
2440 1976 2545 2017 au·
2588 2026 2593 2031 ‚

427 2070 554 2121 tem
598 2059 844 2141 scripsit,
890 2058 1124 2118 Livium
1165 2059 1414 2140 primum
1462 2054 1719 2122 omnium
1768 2060 2029 2123 fabulam
2076 2061 2331 2135 dedisse,
2380 2062 2548 2122 annis

425 2165 556 2228 fere
580 2164 882 2228 CCCCX.
902 2175 1040 2246 post
1057 2164 1309 2226 Romam
1336 2167 1670 2230 conditam:
1693 2166 1864 2228 fuere
1892 2179 2090 2229 autem
2116 2168 2400 2228 celebrati
2428 2168 2552 2250 pri-

429 2291 591 2331 mum
607 2271 734 2331 ludi
758 2271 1011 2353 Romani
1037 2284 1271 2352 patrum
1292 2282 1354 2331 et
1374 2272 1656 2353 equitum,
1680 2274 1782 2354 qui
1802 2285 1865 2335 et
1882 2274 2101 2353 magni,
2130 2275 2423 2335 ludicrum
2440 2294 2545 2334 au-

428 2389 555 2439 tem
584 2379 721 2459 equi
747 2389 809 2437 et
842 2377 1093 2460 pugiles,
1139 2388 1207 2441 ut
1246 2378 1452 2440 Livius
1492 2389 1797 2454 memorat,
1841 2380 1942 2441 lib.
1978 2380 2030 2441 1.
2058 2380 2158 2463 qui
2187 2392 2250 2440 et
2274 2381 2547 2440 ludorum

429 2484 798 2567 plebeiorum
825 2483 1181 2544 mentionem
1207 2484 1353 2545 fecit
1379 2486 1484 2546 lib.
1507 2485 1806 2547 XXVIII.
1833 2487 2005 2547 Idem
2032 2487 2235 2548 Livius
2262 2508 2379 2567 quo
2398 2499 2548 2547 tem-

429 2614 579 2676 pore
606 2605 670 2656 et
698 2579 817 2673 qua
846 2592 922 2652 de
950 2611 1127 2652 causa
1169 2591 1412 2651 instituti
1440 2604 1504 2652 et
1545 2593 1668 2652 ludi
1709 2593 1927 2654 scenici
1976 2593 2115 2653 dicti
2142 2594 2279 2667 sint,
2309 2594 2546 2674 copiose

431 2703 646 2766 eadem
673 2721 808 2782 quae
852 2699 1149 2773 Valerius,
1193 2699 1393 2758 retulit
1438 2699 1542 2759 lib.
1581 2699 1725 2758 VlI.
1773 2699 1950 2767 Quod
1994 2711 2226 2779 tempus
2272 2710 2363 2760 est
2386 2701 2547 2760 urbis

432 2808 673 2871 circiter
698 2805 971 2869 CCCIX.
1016 2804 1186 2864 Idem
1209 2814 1407 2864 tamen
1426 2804 1527 2864 lib.
1553 2804 1842 2864 XXXVI.
1861 2804 2109 2885 scripsit,
2128 2806 2205 2865 ob
2226 2804 2550 2865 dedicatio.

429 2935 571 2978 nem
599 2914 743 2976 aedis
769 2910 966 2973 matris
993 2930 1223 2990 magnae
1263 2910 1483 2991 primos
1510 2911 1683 2971 ludos
1720 2911 1985 2972 scenicos
2010 2910 2220 2986 factos,
2242 2912 2546 2972 Valerium

432 3022 744 3086 Antiatem
769 3039 901 3081 esse
927 3028 1214 3090 autorem,
1242 3016 1575 3097 Megalesia
1602 3018 1945 3098 appellatos,
1977 3019 2138 3098 quod
2165 3030 2400 3096 tempus
2429 3020 2545 3080 dis·

430 3140 522 3192 tat
548 3149 587 3190 a
611 3128 806 3209 priore
833 3125 1001 3186 annis
1026 3123 1287 3204 pluribus
1331 3125 1580 3186 CLXV.
1625 3126 1837 3189 Cicero
1878 3126 2112 3186 Livium
2150 3128 2411 3189 fabulam
2441 3128 2547 3189 do-

434 3236 740 3311 cuisse,‚ut
766 3232 1090 3303 retulimus,
1113 3231 1349 3312 scripsit
1379 3232 1437 3291 in
1465 3233 1662 3305 Bruto,
1700 3243 1763 3292 et
1803 3233 1991 3313 prima
2022 3233 2185 3293 Tusc.
2215 3233 2465 3295 Claudio
2486 3244 2552 3295 et

434 3343 737 3405 Tuditano
783 3341 948 3402 Coss.
1010 3359 1164 3401 anno
1204 3339 1285 3401 U.
1305 3340 1375 3401 C.
1410 3340 1712 3401 CCCCX.
1771 3340 1915 3401 Hoc
1961 3339 2196 3420 Gellius⁴
2240 3343 2445 3403 retulit
2489 3344 2552 3403 in

436 3469 658 3516 annum
701 3447 841 3507 DX.
880 3445 1132 3526 ideoque
1170 3445 1339 3506 suere
1379 3447 1479 3526 qui
1524 3446 1683 3527 apud
1713 3446 2065 3507 Ciceronem
2112 3425 2387 3509 numeros
2426 3469 2558 3509 mua

433 3558 647 3620 tandos
665 3562 995 3616 censerent.
1038 3555 1220 3622 Quod
1241 3554 1406 3614 nobis
1433 3553 1560 3613 fieri
1591 3565 1862 3633 oportere
1889 3573 2008 3615 non
2034 3533 2280 3628 videtur,
2301 3575 2436 3615 cum
2465 3555 2552 3636 ip-

435 3683 503 3725 se
533 3661 749 3725 Cicero
777 3661 1016 3735 indicet,
1057 3661 1201 3722 alios
1226 3661 1359 3722 haec
1383 3660 1553 3722 aliter
1580 3660 1919 3743 exposuisse
1957 3673 2020 3723 et
2043 3681 2138 3722 res
2166 3661 2283 3722 sint
2301 3661 2554 3743 inexpli-

433 3770 705 3834 cabiliter
726 3769 1009 3848 confixae.
1059 3767 1180 3830 Sed
1205 3780 1515 3850 postquam
1543 3787 1899 3848 componere
1918 3767 2150 3829 fabulas
2172 3777 2553 3848 argumento-

432 3895 529 3940 sus
568 3888 764 3959 poem
789 3877 991 3939 Latini
1017 3888 1348 3959 creperum,
1384 3886 1703 3956 sequentes
1747 3886 1809 3935 et
1852 3886 2153 3936 vertentes
2197 3875 2567 3937 Graecorum·

430 3985 672 4065 scripta,
709 3983 771 4043 in
814 3983 933 4045 hoc
954 4003 1178 4064 genere
1206 4003 1420 4063 magna
1455 3982 1699 4043 licentia
1736 3982 1828 4042 usi
1857 3983 2109 4042 fuerunt.
2167 3981 2324 4043 Cum
2361 3993 2558 4042 autem

400 4069 415 4080 ’
432 4101 635 4154 essent
666 4090 1015 4151 latinorum
1038 4088 1278 4170 propria
1300 4088 1576 4170 quoedam
1593 4100 1888 4170 poemata,
1911 4100 1980 4149 ut
2004 4088 2439 4160 Atellanarum,
2470 4087 2556 4147 vi-

431 4196 648 4258 dentur
671 4195 1011 4256 libertatem
1028 4192 1193 4257 inam
1229 4194 1291 4256 in
1330 4194 1562 4257 Graecis
1602 4207 1667 4258 et
1693 4195 1927 4257 Latinis
1964 4195 2324 4275 argumentis
2361 4205 2560 4275 poetoe

429 4304 652 4377 Latini,
680 4320 801 4362 non
843 4311 963 4360 tam
992 4293 1135 4381 fuga
1155 4301 1370 4362 laboris
1401 4312 1464 4363 et
1491 4301 1809 4382 cupiditate
1840 4302 2058 4363 edendi
2105 4322 2231 4374 sua,
2269 4313 2335 4363 ut
2360 4301 2558 4363 Hora-
