2917 4900
418 462 429 469 .
510 418 649 479 xxii·
832 417 961 477 DE
1002 417 1387 479 METRIS
1448 416 2156 491 TERENTIAM&

548 596 960 669 Quiuetuhi
992 598 1696 681 synalusphaeriseenat,
1730 595 2474 680 etvelvooelisquaepiun

505 696 597 754 vel
624 716 676 753 m
701 694 904 755 finales
941 715 1058 755 non
1087 695 1395 768 eliduntur,
1431 697 1614 758 altera
1639 698 1821 759 voe'ali
1859 717 1968 761 eas
1990 697 2353 778 excipiente3
2395 718 2474 761 ne

505 793 618 852 hoc
645 793 879 873 quidem
906 792 965 851 in
992 792 1236 854 licentiis
1260 813 1474 873 ponas:
1498 793 1693 875 qualia
1715 794 1828 854 ista
1853 806 1915 853 et
1941 794 2110 874 plura
2137 793 2293 873 apud
2333 813 2469 853 nos·

505 898 691 950 trum:
736 910 911 948 omnes
936 889 1030 967 qni
1062 899 1263 961 amant,
1300 892 1383 950 m&
1430 902 1485 951 et
1522 899 1701 963 παῖε,
1730 892 1799 950 κέ
1842 893 1934 948 ubi
1978 892 2284 967 acceperas,
2330 892 2472 968 qua&

505 994 625 1044 erat
668 994 903 1058 mortua,
946 1005 1056 1045 una
1090 986 1173 1044 ire
1202 984 1326 1044 crim
1370 987 1564 1059 amica,
1600 985 1727 1045 duim
1753 987 1816 1045 id
1858 988 2072 1060 (fficias,
2110 988 2323 1064 quicum
2365 1006 2474 1045 uuo

505 1082 619 1140 rem
644 1082 911 1141 habebam.
990 1080 1225 1162 Quippe
1262 1093 1323 1141 et
1364 1082 1538 1162 epici,
1583 1082 1911 1153 Lucretius,
1944 1081 2247 1161 Virgilius,
2277 1082 2471 1141 Hora-

509 1177 623 1238 tius
663 1179 871 1238 eodem
917 1179 1095 1239 modo
1145 1180 1207 1238 in
1231 1178 1625 1240 hexametris:
1670 1180 1769 1238 sed
1804 1178 1930 1237 dum
1971 1181 2120 1238 abest
2160 1180 2305 1258 quod
2343 1188 2472 1238 ‘ave-

506 1295 644 1347 mus,
684 1275 944 1333 credimus
991 1296 1062 1334 aa
1107 1276 1201 1353 qui
1247 1285 1452 1349 ament,
1496 1275 1546 1333 si
1581 1274 1666 1334 me
1706 1295 1854 1333 mnas
1898 1275 2095 1351 inquit,
2150 1285 2302 1335 cocto
2342 1272 2472 1334 mim

508 1371 660 1428 adest
708 1371 876 1429 laonor
919 1371 1081 1429 idem.
1162 1370 1237 1430 In
1260 1371 1353 1430 his
1376 1381 1574 1431 antem
1600 1371 1836 1450 aliisque
1872 1371 2146 1431 similibus
2191 1371 2303 1432 tria
2343 1380 2478 1431 sunt

509 1462 908 1537 observanda3
948 1487 1239 1547 nunquam
1281 1466 1399 1527 hoc
1424 1466 1550 1526 fieri
1597 1467 1703 1526 nisi
1731 1462 1790 1524 in
1816 1468 1999 1527 verbo
2037 1467 2479 1548 monosyllabo:

510 1560 663 1643 quod
689 1562 927 1622 verbum
953 1562 1000 1622 si
1036 1563 1100 1623 in
1143 1563 1405 1623 vocalem
1435 1562 1577 1636 exit,
1617 1572 1848 1643 oportet
1887 1562 2166 1642 syllabam
2193 1582 2323 1623 esse
2349 1565 2476 1623 lon-

505 1678 675 1738 gam;
710 1657 886 1718 ictum
913 1658 1163 1738 denique
1185 1659 1402 1721 habere
1428 1659 1490 1719 in
1515 1658 1702 1743 prima
1733 1657 1958 1738 syllaba
1982 1659 2277 1738 anapaesti.
2345 1659 2476 1720 Ha-

504 1775 633 1814 rum
652 1776 793 1815 vero
813 1756 1204 1817 conditionum
1232 1756 1557 1837 ignorantia
1580 1765 1724 1834 quot
1748 1774 1934 1835 nuper
1959 1755 2185 1835 peperit
2212 1757 2480 1816 errores?

505 1850 646 1912 dum
688 1863 750 1912 et
778 1852 839 1911 in
865 1852 1240 1933 polysyllabis
1265 1853 1473 1927 verbis,
1509 1864 1571 1912 et
1615 1852 1676 1910 in
1716 1851 1953 1931 syllabis
1989 1851 2280 1924 brevibus,
2323 1863 2385 1912 et
2411 1852 2475 1911 in

506 1948 695 2008 aliena
721 1950 882 2020 sede,
919 1970 1091 2029 posse
1118 1949 1243 2009 fieri
1276 1950 1394 2010 hoc
1421 1947 1848 2009 existimabant.

586 2044 785 2125 Atque
816 2045 1107 2106 hactenus
1145 2046 1222 2107 de
1263 2045 1498 2106 lieentia
1540 2042 1908 2115 Terentiana,
1948 2044 2139 2122 deque
2167 2048 2289 2119 ejus
2327 2043 2492 2102 limi--

504 2134 673 2210 tibus,
703 2139 937 2200 modicis
964 2160 1104 2201 sane
1139 2141 1254 2201 illis
1277 2161 1470 2221 neque
1495 2140 1869 2200 incommodis
1888 2161 1908 2201 t
1935 2140 2167 2220 qualem
2209 2139 2386 2200 hodie
2413 2140 2476 2199 in

501 2233 691 2313 poetis
715 2237 1063 2297 nostratibus
1090 2238 1395 2319 patriaque
1431 2239 1633 2317 lingua
1657 2236 1948 2317 patienter
1973 2236 2235 2297 ferimus.
2315 2238 2478 2304 Quin

504 2340 566 2389 et
592 2331 776 2389 ausim
822 2332 1080 2411 polliceri
1120 2354 1480 2414 sponsorque
1527 2335 1674 2406 fore,
1713 2334 1973 2413 quemvis
2015 2334 2477 2406 adolescentem,

503 2426 753 2505 vulgaris
781 2428 957 2489 modo
996 2430 1283 2509 prosodiae
1311 2441 1374 2492 et
1398 2430 1750 2511 syllabarum
1779 2428 2116 2512 quantitatis
2143 2429 2477 2502 callentem,

498 2524 657 2584 lecta
699 2545 815 2585 una
860 2524 1159 2605 alteraque
1201 2526 1469 2588 editionis
1511 2539 1726 2588 nostrae
1766 2547 1962 2599 scena,
2001 2546 2113 2586 suo
2153 2527 2357 2586 Marte
2395 2547 2470 2586 ac

500 2619 624 2684 sine
651 2620 932 2699 magistro
965 2632 1148 2682 totum
1175 2623 1290 2683 h‘oc
1319 2624 1477 2703 quod
1513 2624 1792 2705 quaeritur
1830 2634 2256 2704 percepturum.
2337 2625 2478 2689 Quo

502 2716 687 2794 magis
712 2718 941 2797 mirum,
981 2721 1266 2802 quosdam
1311 2730 1529 2780 caetera
1555 2719 1932 2789 doctissimos,
1959 2718 2066 2779 sed
2092 2717 2151 2776 in
2175 2719 2266 2778 his
2293 2720 2472 2778 rebus

500 2812 677 2894 paulo
717 2813 1205 2894 ὀψιμαθεστέρους,
1232 2826 1354 2876 tam
1381 2816 1690 2877 immodica
1713 2818 2022 2876 verborum
2062 2835 2275 2894 pompa
2315 2835 2381 2875 se
2407 2826 2471 2874 et

504 2931 742 2991 operam
788 2932 950 2972 suam
997 2911 1237 2973 efferre:
1287 2913 1449 2993 quasi
1504 2923 1683 2973 tantae
1729 2912 1899 2972 molis
1941 2921 2099 2971 esset
2144 2910 2469 2971 Romanam

500 3015 657 3075 nunc
683 3007 993 3080 licentiam,
1026 3020 1259 3088 qnantoe
1286 3010 1423 3070 olim
1465 3019 1592 3070 erat
1626 3020 1885 3088 gentem,
1912 3006 2265 3067 condidisse.
2344 3007 2472 3067 Ne·

499 3126 616 3186 que
640 3116 855 3177 tamen,
905 3104 953 3165 si
979 3105 1082 3186 ipsi
1119 3107 1394 3168 audiendi
1419 3114 1570 3178 sunt,
1616 3105 1902 3165 immerito
1928 3103 2250 3183 gloriantur
2270 3127 2289 3165 ε
2335 3125 2473 3164 cum

499 3223 576 3262 ex
625 3222 826 3262 eorum
866 3202 1157 3263 sententia
1196 3203 1336 3262 nihil
1385 3224 1504 3263 non
1526 3202 1821 3263 veteribus
1863 3200 2098 3261 comicis
2140 3211 2203 3262 et
2244 3201 2474 3261 licuerit

503 3310 564 3361 et
589 3299 859 3360 libuerit:
903 3311 969 3358 ut
996 3310 1111 3359 tam
1137 3319 1303 3378 vagae
1330 3299 1581 3359 licentiae
1613 3299 1825 3358 limites
1849 3298 1999 3356 ullos
2024 3296 2306 3378 posuisse,
2334 3318 2468 3377 per-
2505 3279 2526 3299 ’

499 3394 639 3458 inde
675 3396 749 3454 sit
786 3414 858 3454 ac
886 3395 1178 3456 Sarmatas
1220 3407 1283 3456 et
1320 3395 1583 3456 Gelonos
1608 3395 1762 3456 intra
1799 3413 2033 3474 campos
2061 3413 2203 3453 suos
2226 3411 2470 3454 coercu-

497 3490 633 3550 isse.
701 3489 989 3552 Nimirum
1006 3491 1069 3550 hi
1089 3512 1203 3552 non
1229 3492 1382 3572 ipsos
1401 3503 1625 3573 poetas,
1656 3510 1772 3551 non
1801 3501 1988 3550 artem
2008 3501 2071 3551 et
2093 3491 2341 3571 rhythmi
2364 3512 2472 3571 ge-

500 3587 678 3660 nium,
718 3586 821 3646 sed
846 3587 1104 3647 librarios
1150 3587 1260 3647 sibi
1307 3589 1488 3649 duces
1535 3598 1802 3657 sumunt3
1836 3599 1898 3648 et
1925 3597 2014 3648 tot
2039 3586 2166 3648 fere
2209 3588 2471 3650 licentia-

502 3704 627 3746 rum
654 3683 882 3763 species
901 3682 1009 3743 sibi
1028 3683 1275 3764 fingunt,
1310 3696 1454 3766 quot
1481 3684 1541 3743 in
1570 3695 1695 3746 toto
1724 3683 1936 3743 Plauto
1964 3682 2358 3763 Terentioque
2387 3685 2472 3744 vi-

502 3779 664 3840 tiosae
690 3778 975 3840 lectiones
1013 3800 1169 3842 nunc
1216 3792 1467 3853 restant;
1506 3781 1719 3862 unique
1752 3782 1907 3852 loco,
1935 3779 2034 3860 qui
2072 3780 2475 3842 emendandus

500 3885 644 3947 erat,
687 3895 761 3935 ex
788 3875 973 3937 altero
1019 3897 1188 3958 seque
1215 3880 1495 3941 mendoso
1513 3877 1905 3960 ‚patrocinium
1947 3885 2229 3956 quaerunt.
2311 3875 2474 3942 Quid

501 3973 705 4033 mirum
731 3973 935 4054 igitur;
976 3974 1157 4055 siquo
1181 3978 1363 4054 major
1389 3976 1456 4037 iis
1492 3986 1613 4037 tam
1640 3974 1803 4035 salsae
1838 3972 2099 4034 metricae
2138 3972 2343 4032 notitia
2368 3992 2473 4033 ac—

501 4072 701 4143 crevit,
748 4091 820 4131 eo
847 4070 905 4130 in
947 4071 1090 4143 dies,
1134 4083 1198 4132 ut
1223 4084 1560 4153 queruntur,
1602 4070 1786 4150 magis
1826 4069 2149 4131 decreverit
2195 4068 2472 4129 emenda-

501 4167 720 4230 tionum
767 4188 997 4228 suarum
1041 4170 1342 4230 numerus?
1444 4167 1616 4240 Illud,
1659 4168 1703 4228 si
1755 4167 1999 4239 dubitas,
2042 4167 2316 4247 exemplo
2365 4166 2474 4236 sit3

504 4265 602 4329 ubi
660 4265 860 4330 'Plauti
919 4266 1258 4328 auctoritate
1311 4265 1488 4347 pedes
1544 4264 1788 4327 creticos
1844 4265 1903 4324 in
1958 4262 2227 4325 trimetris
2283 4263 2478 4324 adsci-
