2917 4900
794 391 929 453 DE
990 388 1402 451 Ms'rms
1473 388 1944 452 coM101S.
2232 360 2414 455 exin·

315 571 457 633 dum
484 573 718 654 quidem
744 571 803 633 in
834 575 1024 636 verbis
1043 575 1213 651 hujus
1239 574 1443 634 formae
1481 570 1723 632 dubium
1765 582 1875 644 est,
1903 579 2097 632 utrum
2123 570 2310 651 prima
2335 591 2411 631 an

318 678 520 739 ultima
572 680 650 739 sit
696 700 830 761 quoe
854 700 960 761 pro
986 692 1257 761 correpta
1304 679 1614 752 habeatur,
1650 688 1717 738 ut
1760 676 1821 736 in
1865 677 2069 754 expedi,
2113 678 2410 754 centuplex,

310 785 571 860 perdidit,
591 791 702 846 διο.

397 889 602 961 Sexto,
631 891 691 950 in
714 890 1097 973 polysyllabis
1136 890 1363 972 syllaba
1390 909 1524 971 qum
1550 900 1783 951 acutam
1811 890 2083 972 proxime
2104 887 2413 971 praecedit,

310 1014 473 1073 saepe
504 996 832 1077 corripitur,
855 997 962 1058 etsi
990 1018 1108 1058 non
1130 998 1418 1077 positione
1446 997 1645 1072 mode,
1676 998 1784 1058 sed
1809 1009 1870 1058 et
1895 996 2089 1058 vocali
2115 997 2296 1075 longa
2320 994 2414 1055 sit.

309 1099 365 1158 vi
390 1119 593 1161 eorum
619 1121 751 1181 quae
772 1102 849 1163 de
871 1113 1118 1163 accentu
1147 1103 1304 1163 dicta
1329 1113 1486 1174 sunt,
1509 1114 1576 1185 ut
1602 1102 1662 1161 in

501 1213 746 1268 ltu-genum
935 1211 1246 1257 ministremus
1439 1208 1697 1257 voluntati·
1890 1208 2136 1258 cicatrices

503 1291 692 1333 omma
937 1288 1231 1345 magistratus
1439 1286 1698 1347 voluptatis
1891 1288 2138 1335 obedirent

498 1360 822 1411 Alexndrum
936 1361 1209 1424 pugillatum
1436 1363 1694 1411 venustatis
1888 1364 2137 1411 videbatur

503 1424 782 1499 gubernator
940 1438 1190 1499 potestatis
1434 1438 1689 1487 senectutis
1893 1437 2194 1489 veremini.-

1438 1514 1747 1576 supellectilis

386 1630 631 1690 Plautus
685 1629 799 1689 hac
837 1628 1076 1690 licentia
1117 1649 1257 1690 usus
1306 1640 1397 1690 est
1442 1629 1620 1689 etiam
1649 1650 1785 1690 cum
1810 1631 2093 1711 syllabam
2130 1631 2407 1715 producit

300 1736 683 1817 dipssmngm,
712 1746 778 1794 ut
798 1734 857 1794 in
887 1736 1089 1794 audivi.
1173 1735 1245 1794 In
1288 1735 1578 1796 nonnullis
1606 1736 1784 1796 etiam
1818 1757 1952 1797 cum
1979 1739 2207 1819 syllaba
2232 1750 2410 1800 acuta

302 1842 500 1903 brevis
527 1854 637 1915 est,
687 1860 758 1901 ea
793 1862 927 1922 quae
973 1841 1133 1902 illam
1182 1843 1453 1922 proxime
1500 1842 1806 1923 praecedit,
1855 1845 1963 1904 etsi
2009 1842 2201 1903 vocali
2227 1843 2408 1922 longa

302 1949 580 2021 animata,
599 1961 797 2009 tamen
826 1948 1154 2029 corripitur,
1183 1961 1249 2008 ut
1272 1950 1330 2008 in
1357 1950 1601 2010 amicitia
1634 1960 1696 2009 et
1716 1950 2003 2026 pudicitia.

386 2055 677 2134 Septimo,
699 2055 759 2113 in
780 2055 1073 2135 quibusvis
1095 2056 1286 2116 verbis
1303 2056 1567 2117 vocalem
1594 2059 1830 2136 longam
1862 2057 1955 2116 vel
1981 2056 2409 2137 diphthongum

297 2161 536 2222 finalem
563 2170 847 2241 sequente
875 2160 1064 2221 vocali
1090 2161 1428 2242 corripiunt,
1465 2172 1527 2223 et
1564 2182 1673 2242 pro
1702 2162 1938 2239 arbitrio
1965 2162 2271 2242 negligunt
2287 2162 2409 2222 lon·
2467 2198 2472 2207 ·

301 2268 628 2348 gitudinem
658 2287 730 2327 ex
757 2265 1044 2347 positione
1072 2268 1198 2327 sola
1238 2279 1458 2338 ortam;
1501 2279 1563 2327 et
1583 2267 1813 2347 quasvis
1847 2268 2101 2348 syllabas
2142 2289 2249 2349 pro
2275 2271 2408 2330 bre-

295 2377 459 2435 vibus
488 2375 731 2447 habent,
765 2394 1011 2457 quarum
1039 2375 1253 2436 vocalis
1279 2375 1471 2436 brevis
1517 2386 1626 2447 est,
1657 2358 1944 2457 siquidem
1980 2385 2260 2436 accentus
2286 2395 2406 2435 non

301 2502 402 2542 eas
429 2481 723 2542 intendat.
809 2480 1049 2541 Plautus
1076 2480 1311 2560 quidem
1349 2482 1533 2563 ipsam
1562 2493 1795 2544 acutam
1817 2502 2052 2563 quoque
2080 2482 2142 2543 in
2166 2483 2409 2543 nonnul-

302 2587 372 2647 lis
396 2586 695 2666 eorripuit,
716 2596 786 2646 ut
806 2585 869 2646 in

493 2705 683 2753 dedisse
936 2705 1161 2754 modesto
1415 2708 1641 2757 fenestras
1897 2707 2148 2772 Philippus

491 2798 684 2832 necesse
940 2782 1134 2831 scelests
1413 2786 1612 2847 papillas
1893 2781 2132 2850 Philippoi

490 2862 652 2911 libello
941 2860 1141 2922 puellam
1288 2857 1297 2864 ”
1409 2865 1602 2927 sagittas
1894 2865 2143 2914 sinistram.

385 2967 698 3029 Terentius
732 2986 875 3027 vero
921 2984 1231 3047 nusquam,
1261 2966 1420 3045 quod
1447 2966 1651 3036 sciam,
1701 2965 1812 3024 nisi
1860 2966 1918 3023 in
1963 2967 2181 3026 tametsi
2208 2976 2270 3026 et
2295 2967 2406 3048 sa-

304 3074 456 3146 villoe,
486 3094 631 3154 quas
661 3075 719 3133 in
746 3074 907 3154 vulgi
926 3093 1158 3154 quoque
1195 3092 1297 3132 ore
1335 3070 1549 3150 corripi
1577 3070 1773 3133 solere
1800 3070 2080 3132 credibile
2103 3083 2213 3133 est.
2242 3071 2403 3151 quod

305 3177 380 3238 de
399 3179 523 3239 aliis
544 3179 720 3239 etiam
742 3178 1051 3239 maximam
1078 3189 1306 3258 partem
1330 3176 1644 3236 dicendum
1672 3176 1934 3236 arbitror.

385 3284 632 3357 Octavo,
656 3286 714 3345 in
739 3305 912 3346 unam
934 3284 1250 3365 saepissime
1279 3282 1630 3342 contrahunt
1673 3282 1929 3363 syllabas
1957 3282 2014 3340 in
2039 3281 2246 3362 quibus
2268 3282 2404 3342 duae

305 3392 521 3471 quaevis
544 3393 781 3454 vocales
810 3401 1180 3463 concurrunt,
1211 3402 1277 3450 ut

1005 3514 1060 3548 ea
1079 3498 1128 3546 in
1149 3497 1278 3546 solea
1428 3497 1476 3544 ia
1498 3496 1545 3543 in
1568 3494 1692 3544 scias

1430 3574 1474 3621 ie
1494 3574 1541 3620 in
1563 3574 1704 3624 hodie
1834 3575 1876 3622 oi
1896 3572 1943 3621 in
1966 3572 2103 3636 proin

554 3658 602 3703 ai
625 3655 673 3702 in
695 3655 771 3703 nin
998 3657 1039 3702 ei
1061 3654 1108 3701 in
1128 3654 1234 3701 dein
1427 3654 1466 3699 ii
1489 3652 1533 3698 in
1556 3652 1698 3699 rediit
1827 3654 1879 3699 ui
1902 3652 1948 3700 in
1970 3653 2079 3700 buin

1005 3746 1052 3779 eo
1076 3731 1123 3778 in
1146 3731 1265 3777 adeo
1402 3725 1407 3732 '
1428 3725 1538 3777 io'iu
1563 3729 1716 3777 otiose
1828 3745 1889 3777 uo
1908 3728 1957 3777 in
1975 3729 2175 3778 duobus.

1005 3823 1062 3856 eu
1084 3807 1132 3855 in
1154 3807 1273 3856 deus
1423 3805 1473 3852 iu
1493 3805 1540 3852 in
1553 3805 1638 3854 diu

674 3934 967 4015 Exempla
990 3934 1325 4011 hujusmodi
1352 3945 1490 3995 sunt
1509 3954 1727 4014 magno
1754 3954 2019 4007 numero,

587 4044 601 4074 ¹
620 4041 735 4089 mihi
1123 4054 1230 4088 eum
1488 4056 1649 4088 eorum
1902 4039 2036 4088 fuere

618 4118 736 4167 nibil
1119 4131 1223 4165 eam
1484 4132 1640 4164 earum
1893 4116 2038 4165 fuisse
2073 4149 2082 4160 .

313 4295 319 4299 .
375 4265 399 4306 1
436 4258 575 4325 Mihi]
610 4258 733 4308 Mihi
766 4258 949 4308 etnihil
987 4266 1095 4308 sunt
1115 4272 1297 4322 semper
1319 4258 1417 4305 fere
1437 4256 1771 4318 monosyllaba,
1809 4255 1884 4312 vel
1921 4264 2049 4305 cert·
2087 4254 2319 4306 rarissime
2352 4256 2401 4305 in

308 4336 421 4385 duos
442 4339 583 4399 podes
598 4338 935 4386 distrahuntur.
