2917 4900
866 370 997 437 m:
1062 373 1445 440 METRIS
1507 377 1950 449 COMICIS.
2273 386 2447 449 cxiii·

348 559 501 620 hbe
519 556 689 639 quasi
708 557 903 619 anima
920 571 1033 633 est,
1054 559 1411 641 respiciunt3
1437 562 1485 622 si
1506 582 1581 623 ea
1596 565 1791 627 brevis
1813 565 1912 638 sit,
1945 565 2231 648 syllabam
2256 588 2363 648 pro
2383 569 2455 629 li-

348 666 477 727 bitu
495 665 837 747 corripiunt.
903 666 1095 747 quue
1134 688 1257 733 non
1304 669 1367 729 in
1412 669 1630 731 ultimis
1663 671 1845 731 modo
1878 672 2187 733 verborum
2214 673 2455 753 syllabis

337 774 679 836 ‘factitatum
701 788 813 850 est,
855 776 961 837 sed
1007 777 1068 836 in
1109 777 1235 838 aliis
1277 778 1451 839 etiam
1488 779 1799 858 quibusvis,
1835 781 2061 853 mediis,
2102 782 2323 862 primis,
2342 780 2454 844 nisi

345 890 547 943 contra
574 884 776 951 obstet
801 895 1124 957 accentus3
1165 895 1405 946 acutum
1445 885 1610 946 illum
1649 885 1916 966 intelligo
1942 898 2228 960 tenorem,
2260 888 2358 966 qui
2393 886 2457 947 in

344 987 504 1049 omni
549 1007 702 1052 voce
746 1006 895 1051 unus
928 1001 1038 1062 est,
1076 990 1478 1071 syllabamque
1516 1012 1691 1074 quam
1734 993 1895 1054 acuit
1935 1013 2060 1073 prae
2103 994 2317 1054 ceteris
2353 994 2454 1054 in.

338 1094 555 1167 tendit,
586 1104 650 1154 et
686 1095 1052 1156 intendendo
1072 1115 1229 1156 verae
1248 1101 1375 1174 ejus
1399 1098 1710 1178 quantitati
1731 1100 1986 1181 aliquam
2008 1119 2218 1161 novam
2248 1101 2450 1179 addit3

342 1222 484 1267 cum
502 1202 833 1265 intentione
848 1203 949 1262 illa
967 1208 1155 1280 major
1176 1203 1538 1285 aliquantum
1559 1224 1723 1267 mora
1742 1205 1804 1264 in
1824 1215 2000 1266 acuta
2016 1207 2453 1287 pronuntianda

343 1308 709 1370 insumatur:
748 1309 891 1370 alias
925 1309 1275 1390 positionem
1311 1310 1490 1370 facile
1511 1311 1841 1392 negligunt,
1871 1312 2169 1393 praecipue
2212 1300 2453 1394 quidem

338 1414 504 1478 illam
545 1435 684 1495 quae
720 1434 795 1476 ex
842 1416 1053 1477 eadem
1096 1435 1354 1477 consona
1395 1412 1693 1496 geminata
1719 1416 1920 1490 oritur,
1949 1437 2085 1478 cum
2131 1418 2452 1499 antiquitus

340 1521 635 1599 ejusmodi
658 1540 835 1582 voces
876 1522 1049 1588 litera
1082 1520 1348 1602 simplice
1394 1522 1630 1602 scriptae
1679 1532 1912 1594 essent;
1955 1522 2093 1583 dein
2118 1524 2277 1584 illam
2315 1545 2451 1605 quoe

342 1626 413 1689 fit
453 1647 527 1694 ex
559 1639 727 1692 muta
753 1637 815 1693 et
853 1626 1097 1710 liquida,
1140 1639 1243 1689 aut
1282 1647 1358 1691 ex
1393 1626 1693 1707 quibusvis
1730 1627 1856 1688 aliis
1901 1629 2171 1690 consonis
2216 1650 2348 1711 quae
2390 1631 2454 1699 in

341 1733 508 1795 vocis
527 1733 694 1795 initio
716 1734 986 1797 connecti
1007 1744 1270 1815 possunt,
1293 1734 1454 1801 nulla
1473 1733 1663 1797 vocali
1691 1734 2047 1817 interposita.
2090 1734 2213 1799 Sed
2232 1756 2347 1798 nec
2367 1737 2454 1801 ἰιι-

343 1852 441 1902 tra
468 1841 580 1902 hos
606 1841 756 1902 fines
776 1862 842 1903 se
884 1841 1335 1913 continuerunt;
1375 1857 1746 1923 quaecunque
1775 1858 2050 1901 consonoe
2085 1840 2326 1903 brevem
2351 1861 2454 1902 ro-

344 1946 539 2010 calem
559 1946 876 2028 excipiant,
912 1947 1116 2013 sivein
1149 1947 1380 2021 eadem,
1421 1946 1628 2010 sivein
1649 1945 1898 2006 diversis
1913 1946 2174 2019 vocibus,
2194 1942 2452 2026 longitus-

344 2053 545 2117 dinem
573 2074 705 2134 quae
733 2053 945 2115 exinde
967 2054 1212 2135 syllabae
1234 2053 1543 2126 accrescit,
1571 2071 1682 2135 pro
1702 2053 1884 2114 nihilo
1911 2035 2153 2125 habent,
2178 2064 2239 2114 et
2260 2052 2309 2113 si
2329 2073 2455 2115 ver·

335 2181 443 2222 sus
462 2162 550 2222 ita
582 2162 860 2242 postulet,
898 2161 1030 2223 ilico
1050 2161 1405 2242 corripiunt:
1442 2161 1640 2233 immo,
1667 2159 1826 2238 quod
1845 2159 2290 2239 magismirere,
2327 2134 2454 2220 mass

335 2267 607 2333 ,lunthac
637 2265 990 2347 corripiendi
1027 2266 1262 2327 licentia
1283 2268 1389 2340 uti,
1430 2266 1659 2328 etiamsi
1685 2265 1860 2326 facile
1900 2266 1974 2326 ab
2003 2286 2077 2327 ea
2106 2286 2315 2327 cavere
2345 2288 2451 2352 po-

338 2375 616 2456 tuissent,
652 2395 828 2457 quam
864 2394 1074 2436 vocem
1097 2373 1472 2456 dissyllabam
1507 2378 1671 2449 cujus
1698 2372 1889 2453 prima
1921 2372 2114 2433 brevis
2142 2384 2253 2444 est,
2281 2373 2341 2433 in
2365 2374 2451 2434 di-

344 2502 541 2544 versos
588 2483 773 2563 pedes
813 2481 1159 2555 distrahere,
1210 2501 1347 2543 cum
1392 2479 1616 2540 crebrae
1664 2499 1907 2539 caesuroe
1934 2479 2254 2540 orationem
2281 2480 2449 2542 nimis

348 2588 697 2668 exquisitam
741 2599 801 2650 et
836 2588 1215 2662 elaboratam,
1256 2604 1629 2650 numerosam
1649 2584 1817 2645 nimis
1860 2595 1921 2645 et
1956 2604 1994 2644 a
2028 2584 2290 2665 pedestri
2327 2605 2452 2648 ser·

336 2712 527 2760 ,mone
552 2707 841 2756 remotam
869 2696 1106 2760 faciant.

429 2799 607 2868 Quod
632 2801 863 2862 videtur
886 2802 1060 2863 etiam
1088 2802 1149 2861 in
1178 2821 1356 2864 causa
1370 2802 1572 2877 fuisse,
1602 2803 1899 2864 curtoties
1915 2803 2165 2865 creticos
2194 2805 2453 2885 quamvis

302 2899 307 2900 ἶ
348 2927 469 2969 uno
494 2920 766 2988 tempore
781 2914 944 2985 justo
968 2907 1280 2988 longiores,
1311 2910 1759 2972 ditrochaeorum
1785 2920 1977 2994 partes
2003 2895 2273 2970 fecerint.
2315 2912 2456 2971 Hoc

350 3014 505 3080 enim
547 3034 955 3098 saepenumero
999 3015 1087 3104 ab⁸
1118 3014 1189 3075 iis
1224 3014 1445 3076 factum
1473 3015 1661 3094 quivis
1686 3015 1859 3075 facile
1887 3015 2138 3086 viderit3
2183 3016 2291 3075 sed
2321 3015 2450 3076 cr'e-

349 3120 493 3182 ticos
522 3131 811 3203 quatenus
841 3120 1093 3183 creticos
1133 3141 1252 3181 non
1289 3133 1658 3202 receperunt,
1698 3142 1828 3181 cum
1856 3123 1968 3182 iste
1996 3142 2103 3207 pes
2131 3123 2206 3182 ab
2234 3122 2324 3182 his
2349 3143 2454 3206 ge-

346 3229 588 3289 neribus
617 3227 853 3289 omnino
879 3228 1224 3289 abhorreat:
1271 3229 1380 3289 hos
1404 3209 1585 3308 igitur
1615 3228 1823 3309 pedes,
1868 3228 2012 3287 licet
2037 3248 2245 3289 revera
2274 3228 2448 3292 creti-

348 3352 469 3405 cos,
498 3353 570 3394 ac
594 3333 839 3414 proinde
876 3332 1135 3413 quinque
1162 3344 1510 3413 temporum,
1537 3335 1796 3395 versibus
1825 3335 1944 3394 suis
1971 3334 2301 3396 immiscent
2327 3338 2454 3416 qui-

351 3439 505 3511 dem,
550 3437 661 3499 sed
700 3438 809 3500 sub
835 3439 950 3498 alia
977 3439 1229 3519 quadam
1273 3439 1509 3520 specie3
1558 3461 1718 3500 nunc
1755 3441 1956 3518 utique
2002 3440 2247 3522 dactyli,
2291 3463 2451 3505 nunc

350 3546 655 3628 anapaesfi,
704 3545 891 3626 prima
935 3546 1161 3614 scilicet
1203 3546 1298 3606 vel
1344 3545 1546 3611 ultima
1572 3566 1678 3625 pro
1728 3555 1997 3630 correpta
2034 3545 2255 3619 habita,
2286 3568 2449 3610 nunc

348 3652 617 3732 spondei,
644 3652 864 3716 extrita
889 3653 1084 3713 media
1108 3652 1321 3731 vocali,
1349 3652 1536 3712 vicem
1562 3654 1869 3712 sustinent.
1928 3652 2277 3713 Maluerunt
2302 3655 2456 3716 scili-

351 3769 447 3818 cet
471 3757 766 3838 prosodiae
793 3758 958 3835 leges
1004 3757 1360 3837 aliquantum
1394 3757 1628 3831 violare,
1661 3773 1836 3839 quam
1873 3772 1910 3818 α’
1935 3760 2219 3822 sermonis
2247 3774 2455 3822 natura

338 3874 414 3923 et
438 3861 852 3943 pronuntiandi
894 3863 1313 3926 consuetudine
1349 3863 1587 3922 nimium
1636 3865 1946 3935 recedere3
1995 3886 2128 3925 cum
2154 3866 2279 3928 istis
2306 3866 2451 3945 legi-

330 3970 459 4036 ,bus
486 3969 732 4049 obsequi
756 3988 876 4028 non
901 3969 1217 4049 potuerint,
1246 3968 1354 4032 nisi
1385 3971 1605 4030 crebris
1633 3972 1871 4031 caesuris
1896 3982 2214 4046 uterentur,
2246 3984 2304 4032 et
2322 3992 2453 4038 ver-

347 4078 553 4137 borum
581 4077 869 4138 creticum
894 4077 1107 4157 pedem
1136 4076 1610 4137 constituentium
1636 4075 1867 4136 ultimas
1895 4077 2209 4156 syllabas-a
2245 4077 2450 4157 priori-

352 4182 466 4247 bus
486 4181 804 4263 saepissime
833 4182 1196 4244 divellerent.
1241 4183 1381 4243 Hoc
1402 4193 1603 4242 autem
1629 4202 1747 4242 non
1771 4182 1948 4241 modo
1972 4181 2032 4241 in
2058 4182 2300 4260 singulis
2323 4203 2452 4243 ver-

326 4286 465 4373 5‘bis,
495 4307 633 4357 cum
668 4288 889 4356 cretico
933 4298 1350 4380 pernossent,
1380 4287 1604 4349 factum
1634 4298 1745 4362 est,
1781 4287 1886 4349 sed
1916 4306 2076 4372 saepe
2105 4286 2282 4363 etlam
2311 4308 2449 4359 cum
