2917 4900
484 401 727 464 tinnit*
910 402 1491 469 JOACHIMUS
1553 404 2212 471 cAMERARIUs

501 582 585 648 Et
610 587 749 661 hoc,
779 586 872 652 Ῑλ.
898 586 958 660 ἧί
1022 638 1033 643 -

823 770 934 832 Σόν
960 770 1113 843 &hrot
1134 772 1297 841 κλέος
1324 772 1502 835 ἔσταν
1528 772 1666 834 ὅσον
1692 773 2041 838 ἐπικίδναται
2066 777 2205 850 ἧός.

500 951 583 1011 Et
607 952 740 1027 hoc,
768 951 880 1018 03.
910 956 959 1015 ε’.

1144 1135 1333 1196 Κλῧθι
1359 1139 1504 1211 ἅναξ
1528 1137 1685 1206 ὅστις
1710 1139 1854 1199 ἐσσι.

496 1313 581 1380 Et
604 1319 740 1396 hoe,
767 1318 879 1384 03.
897 1321 971 1380 λ’.

816 1503 941 1563 Καὶ
958 1504 998 1583 ῥ
1022 1502 1193 1585 ἔσχεν
1218 1501 1317 1563 δύο
1342 1504 1575 1578 παῖδας,
1599 1498 1860 1584 applorat
1884 1525 1942 1561 rs
1968 1502 2133 1575 ζῆθόν
2158 1520 2239 1562 τε.

486 1654 720 1756 ’Παῖδας
766 1691 912 1768 ἀμφ·
954 1687 1248 1768 spondeus
1299 1686 1665 1769 liquescente
1703 1683 1879 1744 litera
1923 1708 1981 1751 σ,
2017 1691 2083 1741 ut
2103 1680 2164 1741 in
2202 1674 2605 1761 superioribus

487 1793 753 1854 versibus
787 1794 1056 1855 omnibus
1089 1792 1286 1854 cursui
1318 1791 1446 1854 hoec
1477 1811 1853 1854 numerorum
1885 1790 2169 1863 obstaret,
2197 1784 2308 1850 nisi
2339 1806 2604 1851 remove-

486 1911 653 1961 retur
679 1899 1184 1981 pmuunciatione.
1923 1891 1938 1903 ’

567 2005 726 2068 Nam
754 2007 803 2066 si
833 2008 1093 2068 versibus
1119 2004 1327 2089 aliquis
1355 2005 1578 2068 alienos
1618 2003 1825 2087 pedes,
1870 2002 1971 2085 qui
2007 2013 2144 2065 sunt
2166 2003 2602 2086 proceleusma-

485 2112 660 2186 ticus,
688 2122 752 2172 et
777 2112 1029 2175 creticus
1065 2132 1174 2174 seu
1213 2114 1595 2195 ἅμφίμακρος,
1636 2122 1741 2173 aut
1776 2111 1980 2173 nescio
2022 2126 2170 2192 quos
2196 2111 2341 2172 alios
2366 2109 2595 2182 inserit,

482 2237 621 2278 cum
651 2228 884 2280 constet
907 2218 1128 2281 heroici
1156 2218 1428 2280 caminis
1451 2218 1718 2300 proprios
1755 2216 1945 2299 pedes
1985 2238 2134 2292 esse,
2177 2217 2481 2299 dactylum
2522 2235 2597 2277 ac

483 2323 832 2403 spondeum.
914 2324 1188 2399 Jambici,
1220 2326 1506 2402 jambum,
1536 2326 1868 2408 spondeum
1909 2336 1973 2387 et
2014 2322 2277 2406 spondeo
2313 2321 2595 2404 aequales»

484 2430 820 2504 Trochaici,
849 2431 1161 2493 trocheum
1188 2443 1251 2494 et
1276 2432 1599 2515 spondeum
1620 2442 1683 2496 et
1707 2428 1846 2495 huic
1873 2432 2153 2520 foequales,
2183 2439 2245 2493 et
2269 2430 2415 2493 alios
2442 2428 2593 2491 alius

480 2535 735 2615 generis.
815 2536 990 2597 Illum
1016 2538 1194 2619 igitur
1221 2538 1321 2620 qui
1346 2540 1635 2601 admiscet
1659 2540 1904 2614 alienos,
1937 2559 2058 2599 non
2094 2537 2452 2600 audiendum
2478 2556 2595 2617 pu.

476 2655 690 2714 tamus,
720 2656 1195 2726 corrumpentem
1227 2646 1500 2706 carminis
1537 2647 1763 2720 modos,
1802 2656 1865 2706 et
1891 2663 2265 2705 numerorum
2299 2642 2590 2703 rationem

480 2750 916 2813 dissolventem.
963 2828 971 2838 .
1001 2751 1124 2813 Sed
1145 2753 1548 2842 pronunciatio
1563 2753 1694 2813 haec
1724 2752 1919 2813 omnia
1945 2751 2240 2834 quondam
2260 2749 2422 2809 nullo
2451 2766 2589 2809 cum
2684 2815 2690 2822 ,

473 2858 719 2938 negotio
739 2870 802 2919 et
819 2858 946 2920 sine
968 2859 1124 2919 omni
1144 2859 1493 2920 insuavitate
1515 2857 1812 2941 explicuit.
1893 2860 2096 2925 Quare
2121 2875 2242 2916 non
2279 2853 2585 2926 assentior,

476 2984 673 3044 neque
722 2965 1063 3038 Plutarcho,
1112 2965 1211 3045 qui
1255 2965 1586 3025 Homerum
1637 2965 1958 3026 studiosum
2001 2965 2177 3024 bonae
2215 2958 2586 3036 narrationis,

474 3069 959 3152 compositionem
986 3070 1317 3152 neglexisse
1344 3071 1565 3145 scribit,
1593 3083 1655 3132 et
1682 3071 1934 3153 primum
1964 3068 2162 3156 statim
2187 3085 2420 3128 versum
2445 3065 2584 3146 ἄμε-

473 3200 602 3259 τρον
629 3178 941 3240 extulisset

818 3330 825 3337 -
913 3355 1110 3431 Μῆνιν
1128 3357 1276 3421 ἄειδε
1302 3364 1403 3421 θεὰ
1431 3359 1739 3434 πελιηάόεω
1761 3361 2030 3442 ἀχιλῆος.

468 3529 609 3596 Non
636 3535 792 3597 enim
821 3536 921 3597 ille
958 3537 1042 3599 ita
1067 3540 1276 3600 extulit
1301 3550 1369 3600 ut
1396 3541 1769 3624 Plutarchus,
1797 3541 1985 3602 multo
2010 3542 2199 3603 minus
2225 3553 2291 3602 ut
2315 3561 2443 3616 nos,
2482 3562 2578 3604 se*

465 3641 721 3701 cundum
747 3643 1358 3724 perscriptas‘literas:
1399 3665 1593 3727 neque
1626 3647 1928 3728 Scaligero
1952 3647 2279 3710 infulcienti
2318 3648 2576 3710 creticos

461 3748 523 3808 in
540 3749 827 3827 jambicos
852 3751 1080 3811 modos.
1159 3752 1291 3812 Etsi
1317 3753 1395 3813 ad
1420 3753 1538 3814 hoc
1564 3752 1850 3814 delabitur
1869 3766 1937 3814 ut
1966 3756 2237 3832 voluptas,
2267 3754 2577 3834 anapoesti·

462 3873 593 3914 cam
619 3854 761 3914 velit
788 3873 919 3915 esse
960 3854 1311 3944 dictionem:
1351 3857 1414 3917 id
1453 3857 1694 3940 quidem·
1722 3861 1951 3934 melius,
1994 3862 2103 3921 sed
2141 3860 2257 3920 illae
2291 3860 2576 3936 συγκοπαὶ

459 3959 958 4041 pronunciationis
985 3943 1205 4022 rectius
1233 3961 1557 4043 expediunt
1589 3986 1882 4039 numeros,
1910 3985 2045 4028 mea
2070 3966 2306 4050 quidem
2333 3977 2576 4028 senten.

458 4067 559 4139 tia,
585 4077 647 4127 et
666 4068 1009 4149 antiquitate
1036 4079 1211 4144 teste,
1238 4072 1408 4151 cujus
1437 4092 1619 4132 unum
1644 4072 1822 4134 etiam
1847 4093 2004 4134 nunc
2025 4073 2362 4154 exemplum
2389 4072 2575 4134 addu—

457 4191 595 4234 cere
620 4173 824 4248 visum,
854 4174 1139 4235 Hesiodiz

689 4355 923 4438 Ἀσηρη
950 4367 1047 4443 χεῖ
1070 4385 1157 4442 μα
1182 4365 1340 4435 κακὴ,
1370 4362 1569 4443 Θᾶρειδ·
1595 4363 1870 4442 ἀργαλέη,
1901 4363 2149 4425 οὐδέποτ’
2173 4361 2375 4433 ἐσθλή.
