2917 4900
496 383 629 443 xx*
871 371 1455 441 JOACHIMUS
1521 363 2176 431 CAMERARIUS

476 561 692 639 λαβὴν,
720 570 826 621 aut
851 563 931 628 εἷς
981 558 1097 620 δύο.
1182 556 1278 618 Ex
1323 554 1540 616 Plauto
1577 550 1926 623 PriscianuS,
1975 532 2233 628 δίμετρον
2270 544 2595 622 ,iambicum

482 668 1027 749 ὑπερκαταληκτικὸν
1057 684 1189 726 esse
1217 663 1379 723 hunc
1406 658 1611 730 voluit,

1050 830 1314 909 Hospitio
1334 829 1632 907 publicitus
1658 825 1918 904 accipiar.

486 1008 582 1071 De
609 1026 728 1087 quo
756 1024 862 1065 nos
890 1002 1179 1074 dubitare,
1218 1016 1414 1079 neque
1457 997 1610 1057 hanc
1654 993 2090 1056 distinctionem
2131 1008 2417 1065 servasse,
2460 1001 2600 1051 ante

484 1112 887 1175 indicavimus.
2225 1112 2230 1121 ’

566 1215 1163 1301 Βραχνκαταληκτικὸς
1199 1211 1436 1283 dicitur,
1467 1229 1602 1270 cum
1640 1218 1767 1268 toto
1794 1207 1950 1289 pede
1986 1200 2259 1268 deficitur
2284 1224 2486 1267 versus
2515 1205 2604 1265 in-

484 1323 751 1411 tegritas.
837 1321 924 1383 Ut
958 1320 1009 1380 si
1035 1323 1380 1399 μονόμετρος
1419 1316 1515 1389 sit,
1544 1317 1679 1377 eheu
1707 1316 1871 1387 milti,
1915 1313 2417 1395 βραχνκατάληξις
2471 1312 2603 1385 erit,
2623 1368 2640 1373 ,

488 1431 639 1493 eheu.
722 1426 1062 1492 Priscianus
1112 1423 1371 1504 δίμετρον
1412 1422 1573 1481 hunc
1615 1404 1835 1490 retulit,
1885 1421 1968 1478 ita
1997 1439 2230 1497 peregre
2275 1410 2606 1477 adveniens.-

488 1536 567 1597 de
589 1554 708 1621 quo
731 1551 928 1614 supra.
1009 1531 1093 1590 Et
1121 1532 1248 1610 jam
1288 1527 1424 1589 fassi
1455 1545 1678 1597 sumne,
1700 1525 1832 1584 hoec
1849 1542 2047 1604 neque
2067 1522 2383 1595 observari,
2412 1542 2608 1604 neque

491 1640 724 1724 exquiri
744 1639 1006 1721 potuisse
1026 1655 1064 1698 a
1088 1635 1276 1707 nobis,
1298 1644 1359 1695 et
1395 1633 1555 1693 haud
1586 1631 1708 1691 scio
1735 1650 1813 1691 an
1840 1650 1878 1690 a
1898 1629 2059 1689 nullo
2086 1628 2310 1710 possint
2348 1629 2607 1689 omnium

380 1738 387 1741 ¹
489 1749 592 1830 qui
619 1766 774 1808 nunc
802 1746 1020 1817 vivunt,
1058 1743 1120 1802 in
1146 1754 1268 1802 tam
1311 1739 1476 1801 tenui
1513 1738 1753 1800 scientia
1783 1735 2032 1797 musices
2072 1734 2349 1815 antiquoe,
2394 1748 2455 1796 et
2489 1734 2607 1795 hac

492 1852 911 1934 depravatione
932 1848 1360 1928 exemplorum.

468 1974 479 1977 ”
578 1957 900 2019 Sciendum
940 1962 1157 2024 autem,
1188 1950 1443 2023 comicos
1492 1949 1754 2023 Latinos,
1797 1949 2078 2029 prologos
2115 1962 2179 2010 et
2225 1949 2438 2029 primas
2481 1948 2610 2009 fere

495 2084 721 2135 scenas,
750 2059 1123 2143 pen-texuisse
1151 2057 1392 2118 senariis
1432 2056 1720 2133 iambicis,
1759 2057 1862 2136 qui
1899 2066 2039 2117 sunt
2081 2057 2357 2137 τρίμετροι
2399 2055 2615 2115 ἀκατά-

493 2176 708 2244 ληκτοι.
788 2166 1036 2226 Plautus
1061 2174 1262 2223 tamen
1288 2162 1438 2222 etin
1465 2162 1856 2238 Amphitruone
1883 2172 1945 2224 et
1983 2162 2142 2234 alibi,
2182 2161 2239 2221 in
2269 2161 2467 2242 primis
2492 2171 2613 2221 sta·

456 2356 459 2361 Ι
498 2277 602 2337 tim
628 2273 821 2335 scenis
854 2289 1143 2332 -numeros
1184 2269 1450 2330 mutavit.
1536 2269 1596 2328 A
1639 2267 1914 2331 trimetris
1955 2280 2156 2331 autern
2197 2266 2272 2329 ad
2322 2267 2615 2348 longiores

424 2400 431 2409 ·
502 2388 915 2466 pervenerunt,
938 2389 1007 2438 ut
1028 2382 1455 2458 τετραμέτρους,

748 2551 1131 2614 Μίναόονςλοο
1156 2551 1206 2609 si
1228 2551 1308 2609 sic
1335 2550 1532 2623 abiret,
1559 2559 1614 2608 et
1642 2548 1758 2608 heri
1783 2568 1991 2626 smper
2018 2548 2234 2614 leuitas.

750 2656 1020 2737 Neforte
1038 2653 1572 2734 imprudetufaciam
1593 2657 1738 2733 quod
1759 2656 1914 2728 nolit,
1941 2657 2114 2713 sciens
2139 2655 2354 2712 cavebo.

753 2762 907 2831 Quid
919 2770 944 2821 ‚²
982 2759 1234 2821 credebas
1262 2761 1547 2821 dormienti
1573 2761 1682 2820 Itoec
1710 2762 1812 2820 tibi
1833 2761 2173 2842 confecturos
2202 2760 2325 2819 deos
2348 2767 2372 2817 2

511 2931 643 2992 Nec
670 2947 789 2990 non
817 2929 1146 2991 concidisse
1173 2930 1541 3011 reperiuntur
1566 2947 1786 3003 versus,
1807 2941 1875 2991 ut
1892 2929 2250 3010 subjicerent
2277 2929 2467 3010 longis
2482 2929 2619 2990 bre-

507 3035 716 3100 viores.
800 3036 935 3098 Nec
961 3056 1078 3096 non
1088 3036 1443 3100 ‘confudisse
1471 3053 1767 3110 numeros,
1797 3046 1866 3097 ut
1890 3036 2281 3098 miscerentur
2308 3037 2531 3097 trochei
2557 3046 2619 3096 et

498 3143 725 3223 jambiz
768 3143 846 3204 de
875 3143 1088 3224 quibus
1120 3146 1246 3224 Jam
1288 3144 1427 3204 satis
1456 3145 1696 3204 dictum.
1779 3142 1921 3203 Hoc
1970 3153 2167 3203 autem
2195 3141 2424 3203 silentio
2465 3162 2619 3222 prae-

515 3249 863 3311 tereundum
884 3268 1004 3310 non
1035 3260 1146 3322 est,
1172 3249 1229 3309 in
1247 3250 1507 3325 ,iambico
1555 3261 1619 3309 et
1643 3248 1948 3310 trochaico
1986 3248 2269 3309 creticum
2305 3268 2424 3310 non
2452 3267 2622 3309 esse:

496 3356 776 3437 quamvis
802 3354 879 3418 de
908 3354 1273 3416 Archilochii
1302 3355 1589 3416 trochaici
1633 3365 1931 3417 structura
1967 3354 2069 3417 ille
2097 3353 2461 3436 praecipiens,
2495 3354 2622 3414 Ru·

510 3462 663 3523 finus
685 3472 751 3521 ut
771 3461 989 3534 ferunt,
1018 3461 1136 3522 hoc
1165 3460 1496 3558 scripserit:

806 3659 815 3668 ·
927 3630 1179 3691 Creticou
1205 3630 1565 3690 Archilochus
1590 3651 1756 3708 supra
1774 3632 2149 3712 capuejambi.

516 3786 674 3850 Nam
695 3786 898 3851 cretici
924 3789 1094 3862 ratio,
1139 3788 1237 3869 qui
1281 3798 1392 3860 est,
1435 3799 1504 3848 ut
1545 3788 1820 3860 diximus,
1862 3791 2248 3870 ὀμφίμακρος,
2286 3799 2618 3870 temporum

514 3895 794 3977 quinque,
824 3897 899 3957 ab
927 3895 1043 3956 hoc
1072 3915 1291 3975 genere
1308 3907 1401 3956 est
1424 3894 1686 3956 alienior.
1769 3894 1977 3975 Itaque
1997 3894 2235 3975 quidam
2253 3894 2624 3958 inculcantes

506 4001 799 4081 jambicos
826 4012 890 4063 et
916 4001 1251 4076 trochaicos
1278 4020 1479 4062 versus
1510 4000 1667 4060 hunc
1708 4001 1943 4081 pedem,
1994 3999 2288 4073 audiendi,
2334 4020 2468 4062 mea
2492 4001 2621 4081 qui·

517 4106 656 4167 dem
682 4105 992 4179 sententia,
1014 4099 1137 4166 ‘non
1163 4117 1319 4167 sunt.
1403 4103 1487 4165 Et
1511 4105 1579 4178 si,
1608 4115 1676 4165 ut
1695 4123 1898 4165 verum
1918 4104 2124 4177 fatear,
2155 4105 2271 4167 hoc
2294 4101 2507 4167 dixisse
2540 4105 2624 4166 illi

506 4210 806 4285 sidentur,
832 4211 894 4271 in
920 4211 1014 4273 his
1041 4211 1301 4280 versibus
1328 4212 1572 4292 reperiri
1607 4213 1787 4273 verba
1825 4212 1883 4272 in
1915 4211 2131 4293 'quibus
2175 4212 2428 4273 creticus
2453 4211 2628 4276 insit:

520 4329 606 4391 ut,
634 4319 844 4395 edepqlf
863 4329 923 4378 et
938 4318 1191 4390 ..infilius
1212 4319 1297 4378 de
1318 4319 1527 4402 fluibus
1559 4329 1789 4398 postea.
1876 4318 2013 4378 Non
2043 4320 2206 4398 quod
2233 4319 2289 4378 in
2312 4337 2484 4380 versu
2504 4323 2630 4395 jam
