2917 4900
496 384 603 442 lx*
885 383 1464 444 JoAcnlMus
1537 386 2194 451 cAMERARIUS
2299 414 2306 421 ·

438 588 443 593 ·
494 563 596 625 illa
631 563 936 625 vixerunt:
985 563 1095 625 sed
1124 565 1450 638 Ciceronis,
1483 575 1546 628 ut
1571 570 1847 652 principis
1876 583 1938 632 et
1965 572 2189 632 autoris
2227 570 2458 633 Latinas
2484 572 2599 632 lia·

497 687 651 748 gne,
682 669 759 741 de
786 689 906 748 quo
931 669 1068 732 alibi
1097 671 1471 733 disseruimus
1510 673 1822 754 copiosius,
1868 695 2005 736 cum
2044 687 2255 737 contra
2280 677 2602 757 reprehen-

498 794 663 835 sores
689 775 862 853 hujus
890 776 1068 837 studii
1096 775 1549 858 disputaremus.
1592 781 1744 841 Haec
1772 791 1967 840 autem
1996 781 2097 862 qui
2122 781 2507 862 perspexerit,
2533 782 2595 841 in

499 882 787 943 Plautinis
808 894 871 943 et
891 883 1258 947 Terentianis
1284 885 1522 969 scriptis¹
1544 887 1624 953 ita
1639 887 1985 959 versabitur,
2014 898 2081 946 ut
2107 887 2274 966 quasi
2291 886 2598 947 materiam

502 989 782 1050 orationis
803 991 993 1064 bonae,
1017 1002 1081 1052 et
1107 992 1155 1051 si
1195 992 1282 1052 fas
1310 993 1479 1054 nobis
1505 1004 1598 1053 est
1622 994 1842 1065 dicere,
1874 978 2226 1073 eloquentiae
2269 993 2494 1053 Latinae
2521 992 2600 1054 ab

496 1095 611 1156 illis
628 1107 837 1169 sumat,
872 1116 1068 1178 neque
1106 1098 1165 1156 in
1193 1098 1434 1159 delectu
1454 1100 1552 1159 vel
1578 1101 1885 1159 verborum
1911 1099 2005 1158 vel
2032 1098 2350 1177 figurarum
2377 1115 2600 1158 sermo·

497 1202 587 1264 nis
613 1203 1040 1266 allucinabitur.
1087 1204 1210 1264 Sed
1226 1205 1302 1265 de
1328 1205 1445 1266 hoc
1461 1206 1808 1284 jamdudum
1829 1203 1989 1263 satis.
2031 1202 2131 1263 De
2152 1202 2378 1264 comico
2397 1212 2599 1262 autem

495 1311 752 1371 carmine
779 1311 890 1370 etsi
914 1311 1013 1371 alii
1036 1313 1346 1392 scripsere,
1394 1331 1528 1393 quoe
1564 1324 1627 1372 et
1661 1308 2014 1390 magnifacio
2040 1318 2103 1367 et
2146 1288 2354 1387 probo,
2399 1316 2599 1368 tamen

495 1427 697 1478 nostro
723 1437 961 1498 quoque
996 1408 1189 1478 studio
1216 1418 1491 1479 existimo
1517 1419 1713 1479 adhuc
1744 1417 1864 1477 loci
1891 1414 2106 1495 aliquid
2146 1414 2415 1475 relictum
2443 1431 2597 1474 esse.

499 1521 653 1581 Cum
678 1540 774 1582 res
817 1521 916 1581 illa
959 1521 1196 1601 quidem
1233 1521 1523 1599 ejusmodi
1548 1522 1642 1594 sit,
1673 1534 1758 1583 ut
1783 1520 2019 1603 penitus
2063 1516 2507 1599 comprehendi,
2536 1527 2599 1577 et

497 1627 755 1689 omnium
797 1627 970 1688 etiam
998 1627 1300 1707 diligentia
1326 1629 1491 1708 quasi
1520 1611 1817 1690 enucleari
1859 1627 1949 1688 his
1976 1624 2331 1707 temporibus
2365 1641 2592 1701 nequa-

493 1752 669 1812 quam
695 1752 868 1814 posse
894 1733 1183 1794 videatur.
1224 1735 1360 1801 Quo
1387 1745 1586 1795 autem
1614 1744 1706 1794 est
1732 1732 2012 1802 difficilior
2036 1731 2222 1804 labor,
2252 1750 2326 1790 eo
2353 1728 2594 1790 assidui·

492 1838 628 1900 tatis
676 1831 1012 1920 plusculum
1050 1839 1112 1898 in
1137 1839 1486 1918 vestigando
1528 1838 1792 1899 adhiberi
1831 1838 2133 1899 convenit.
2191 1837 2355 1897 Nihil
2395 1847 2597 1896 autem

493 1956 615 2006 tam
642 1956 734 2007 est
759 1947 1105 2016 abstrusum,
1137 1946 1213 2005 de
1242 1966 1359 2025 quo
1386 1966 1505 2005 non
1536 1944 1771 2026 aliquid,
1800 1946 1849 2005 si
1891 1946 2100 2025 saepius
2122 1954 2182 2006 et
2204 1943 2466 2005 studiose
2487 1961 2596 2003 ex-

492 2052 921 2133 quantumst&
947 2072 1123 2133 posse
1151 2053 1505 2133 sperandum
1531 2052 1644 2112 sit:
1671 2053 1733 2112 τὸ
1753 2055 1870 2133 γὰρ
1891 2052 2246 2130 ζητοῦμειὲον,
2274 2049 2462 2128 inquit
2483 2048 2592 2108 So·

491 2138 1273 2241 phoelemmramaefflya
1289 2159 1350 2219 δὲ
1367 2160 1806 2241 τάμελούμενον.
1847 2158 2050 2219 Minus
2067 2168 2265 2219 autem
2286 2165 2448 2217 certe
2459 2166 2594 2214 -tur-

493 2282 571 2343 pe
598 2274 707 2335 est,
729 2263 790 2322 in
812 2282 889 2323 eo
914 2262 952 2322 a
980 2283 1097 2344 quo
1124 2263 1575 2345 quamplurimos
1600 2263 1940 2345 magnitudo
1965 2275 2028 2325 et
2054 2263 2380 2326 obscuritas
2395 2261 2592 2322 deter-

491 2368 692 2441 ruerit,
724 2368 1089 2449 quantumvis
1114 2370 1400 2443 modicos,
1434 2390 1614 2449 quam
1649 2371 1881 2433 illorum
1922 2368 2182 2449 vestigiis
2222 2368 2591 2428 insistentem

490 2476 686 2536 nullos
711 2496 1059 2556 progressus
1085 2476 1318 2538 fecisse.
1374 2476 1439 2538 Si
1464 2487 1662 2537 tamen
1690 2487 1782 2537 est
1809 2477 1961 2538 adeo
1989 2474 2167 2556 digna
2192 2497 2306 2550 res,
2323 2475 2434 2537 -ubi
2461 2461 2592 2556 quis

490 2602 702 2644 nervos
727 2555 993 2643 intendat
1018 2603 1173 2654 suos,
1194 2594 1262 2642 ut
1288 2583 1374 2643 ait
1400 2582 1735 2644 Terentius.
1775 2583 1954 2655 Quod
1976 2581 2213 2663 quidem
2229 2584 2311 2643 ita
2331 2602 2462 2648 esse
2481 2601 2590 2643 no-

492 2689 585 2748 bis
630 2709 972 2769 persuasum
999 2701 1105 2761 est,
1124 2700 1199 2750 -et
1227 2700 1536 2750 senserunt
1552 2709 1756 2750 omnes
1777 2689 1877 2770 qui
1897 2690 2172 2770 aliquam—
2190 2689 2407 2750 sarnam
2449 2708 2584 2750 eru·

491 2795 726 2856 ditionis
771 2796 1095 2856 litterarum
1129 2807 1194 2857 et
1236 2796 1518 2857 doctrinae
1547 2796 1846 2859 consecuti
1870 2796 2128 2857 fuerunt.
2169 2797 2323 2856 Cum
2350 2796 2591 2877 quidem

490 2919 609 2959 non
630 2900 819 2960 solum
864 2900 1071 2962 bestiae
1097 2901 1544 2968 demulceantur
1579 2921 1889 2963 numeroso
1915 2921 2079 2973 sono,
2109 2902 2218 2962 sed
2242 2901 2589 2963 solitudines

487 3006 665 3069 etiam
692 3017 867 3087 atque
890 3008 1054 3069 silvas
1080 3008 1247 3087 quasi
1290 3008 1630 3081 afficiantur,
1676 3009 1758 3069 ita
1782 3009 2178 3090 respondeant
2218 3008 2588 3070 carminibus.

488 3113 606 3182 Qui
626 3133 920 3175 musarum
942 3114 1215 3195 reliquias
1235 3115 1294 3174 in
1316 3135 1456 3177 cura
1480 3115 1766 3175 bonarum
1793 3116 2002 3175 artium
2030 3134 2149 3175 non
2175 3115 2585 3196 amplectetur,

486 3219 581 3279 vel
617 3220 791 3280 etiarn
818 3230 1175 3293 contemnet,
1206 3240 1340 3280 eum
1366 3240 1474 3280 nos
1502 3220 1741 3300 quidem
1767 3220 1936 3282 nimis
1966 3230 2068 3279 aut
2089 3219 2460 3284 fastidiosum
2484 3231 2588 3282 aut

484 3325 797 3386 barbarum
841 3346 1077 3406 quoque
1103 3345 1237 3388 esse
1263 3327 1681 3403 judicabimus.
1736 3327 1866 3390 Etsi
1901 3327 2155 3387 fatemur
2188 3328 2249 3387 in
2274 3328 2389 3388 hac
2416 3338 2590 3407 parte

465 3451 1008 3513 supervacaneum,
1036 3443 1098 3494 et
1134 3432 1197 3492 in
1221 3434 1477 3514 quodam
1503 3433 1850 3495 inconcesso
1892 3443 2090 3495 amore
2118 3451 2410 3494 musarum
2436 3432 2591 3492 insa·

484 3555 623 3596 num
634 3537 905 3600 studium
927 3539 1188 3620 impendi
1210 3559 1332 3600 non
1362 3551 1656 3620 oportere,
1687 3559 1761 3600 ne
1790 3549 2125 3619 sequentes,
2143 3539 2412 3600 volucres
2434 3538 2586 3612 illas,

482 3642 601 3703 boc
629 3643 871 3724 remigio
895 3645 1179 3719 destituti,
1206 3657 1274 3707 ut
1300 3646 1375 3706 de
1405 3647 1696 3726 Pyrenaeo
1724 3645 1937 3706 fabulae
1964 3646 2226 3722 tradunt,
2253 3648 2314 3706 in
2339 3644 2585 3708 exitium

483 3768 592 3811 nos
620 3749 1071 3832 praecipitemus.

568 3857 691 3918 Sed
719 3860 797 3919 ad
823 3879 946 3919 rem
976 3861 1362 3922 accedamus.
1412 3879 1607 3940 pauca
1642 3859 1879 3938 quidem
1908 3861 2071 3941 quasi
2113 3857 2344 3940 praefati
2373 3858 2448 3918 de
2476 3857 2588 3917 ho·

478 3983 609 4025 rum
635 3966 980 4045 scriptorum
1006 3985 1244 4046 genere.
1327 3965 1601 4026 Comicus
1628 3975 1807 4045 poeta
1842 3963 1954 4026 mit
1997 3966 2264 4026 Plautus.
2347 3966 2586 4026 Comoe·

482 4074 584 4136 dia
604 4086 805 4136 autem
833 4087 924 4136 est
949 4095 1161 4155 poema
1187 4075 1546 4156 δραματικὸν,
1572 4074 1688 4133 hoc
1709 4084 1821 4146 est,
1851 4072 2145 4153 expositio
2166 4087 2495 4142 numerosa,
2524 4069 2592 4129 id
2660 4132 2668 4139 ,

482 4194 596 4254 est,
624 4183 879 4243 carmine
917 4182 1355 4263 comprehensa,
1388 4193 1450 4242 et
1475 4182 1539 4241 in
1566 4180 1861 4242 actionem
1888 4180 2191 4260 implicita,
2234 4199 2340 4241 seu
2368 4179 2586 4239 collata

481 4287 542 4347 in
569 4307 865 4369 personas,
892 4288 1221 4368 argumenti
1248 4286 1391 4360 ficti,
1423 4287 1500 4348 de
1530 4288 1728 4360 rebus,
1757 4287 2012 4363 casibus,
2041 4286 2290 4365 negotiis
2316 4284 2585 4362 suintino
