2917 4900
852 829 1328 888 FRANCISCUS
1366 826 1610 892 HARE,
1647 826 1858 882 8:121).

1314 1041 1383 1075 1>ss

605 1212 1240 1299 METRIS
1357 1209 2172 1296 COMICISs

391 1450 538 1519 QUI
567 1470 698 1511 cum
723 1451 926 1513 fructu
953 1452 1154 1532 legere
1192 1449 1352 1526 velit,
1381 1471 1517 1531 quae
1544 1449 1622 1512 de
1650 1451 1849 1514 metris
1876 1451 2117 1514 comicis
2144 1450 2403 1513 dicturus
2494 1466 2517 1489 ⁶

317 1574 453 1629 sum,
481 1554 658 1617 domo
684 1556 890 1617 afferat
915 1566 1148 1636 oportet
1175 1576 1373 1617 eorum
1417 1557 1830 1637 cognitionem,
1877 1578 2012 1638 quae
2051 1558 2111 1619 in
2151 1559 2404 1640 vulgatis

319 1661 577 1721 carminis
614 1661 906 1724 condendi
954 1662 1171 1741 regulis
1200 1662 1611 1735 continentum
1652 1684 1847 1743 neque
1877 1664 2032 1733 enim
2060 1665 2247 1746 prima
2270 1684 2406 1745 pro·

316 1767 484 1827 sodiae
521 1768 817 1828 elementa
841 1768 1075 1828 tradere
1115 1767 1285 1845 hujus
1324 1769 1571 1830 instituti
1614 1782 1724 1830 est.
1804 1771 1922 1838 Qui
1956 1771 2025 1832 iis
2067 1772 2272 1832 leviter
2298 1772 2403 1831 im-

316 1872 479 1932 butus
507 1884 618 1946 est,
647 1873 810 1933 novit
845 1874 1084 1933 brevem
1123 1873 1406 1953 'syllabam
1435 1858 1605 1934 unius
1653 1894 1782 1935 esse
1831 1875 2128 1955 temporis,
2169 1876 2405 1954 longam

319 1977 590 2049 duorum;
651 1979 836 2059 pedes
884 1991 1082 2040 autem
1132 1999 1207 2039 ex
1252 1980 1493 2061 syllabis
1541 1981 1848 2061 componi;
1889 1990 1951 2042 et
1993 2001 2066 2041 ex
2109 1981 2177 2040 iis
2220 2000 2403 2040 unum

319 2102 433 2143 esse
478 2085 729 2145 duorum
789 2094 1139 2166 temporum,
1185 2087 1587 2166 pyrrichium:
1655 2099 1776 2149 tres
1817 2087 2012 2160 trium,
2062 2086 2404 2159 trochaeum,

308 2190 580 2283 jambam,
624 2190 999 2273 tribrachym
1054 2202 1325 2273 quatuor,
1367 2203 1697 2274 temporum
1749 2203 2017 2275 quatuor,
2058 2192 2403 2272 spondeum,

319 2292 624 2376 dactylum,
664 2309 1043 2378 anapaestum,
1089 2308 1151 2358 et
1195 2297 1697 2380 amphibrachyng
1734 2297 1860 2374 (sed
1898 2294 1997 2358 hic
2043 2297 2276 2357 ultimus
2324 2296 2404 2357 ad

318 2411 496 2461 metra
523 2386 887 2464 Terentiana
918 2401 1303 2484 intelligenda
1344 2424 1582 2486 prorsus
1621 2403 1860 2484 inutilis)
1891 2414 2011 2467 tres
2052 2423 2127 2464 ex
2156 2402 2406 2486 pedibus

319 2504 661 2585 simplicibus
690 2507 948 2588 quinque
976 2520 1326 2587 temporum,
1347 2510 1676 2586 bacchium,
1703 2511 2153 2585 antibacchium,
2184 2522 2247 2571 et
2271 2531 2402 2572 cre·

320 2610 526 2684 ticum3
564 2633 748 2673 unum
794 2612 1051 2693 denique
1096 2633 1205 2674 sex
1254 2634 1384 2676 esse
1425 2627 1768 2697 temporum,
1807 2636 2023 2698 nempe
2049 2616 2402 2678 molossum:

319 2718 418 2778 sed
438 2719 500 2779 hi
538 2730 790 2800 quatuor
815 2719 895 2780 ad
919 2720 1250 2801 paeonicum
1290 2741 1481 2801 genus
1523 2734 1810 2804 spectant,
1859 2723 2092 2802 de¹quo
2136 2720 2281 2781 nihil
2304 2718 2404 2780 hic

320 2822 565 2885 dicturus
589 2845 739 2885 sum.
2373 2829 2382 2835 '

393 2930 484 2990 Ex
507 2931 732 3012 pedum
757 2929 1198 3011 dissyllaborum
1254 2933 1646 3013 geminatione
1692 2936 1786 2995 vel
1836 2932 2248 3013 conjunctione
2292 2930 2406 2992 ori-

320 3047 483 3096 untur
507 3048 716 3110 metra,
762 3057 895 3119 quoe
932 3036 1126 3098 Groeci
1154 3038 1412 3108 διποδίας
1439 3061 1546 3101 seu
1575 3044 1850 3118 συζυγίας
1896 3040 2118 3112 dixere,
2162 3056 2405 3099 numero

397 3254 451 3309 1.
490 3249 583 3309 Ex
627 3249 924 3330 pyrrichio
972 3250 1266 3329 geminato
1316 3251 1386 3311 fit
1427 3250 2002 3332 proceleusmaticus,
2046 3247 2403 3329 temporibus

322 3354 567 3432 spondeo
588 3355 852 3435 aequalis,
879 3356 1147 3436 adeoque
1182 3357 1244 3414 in
1275 3356 1626 3440 simplicium
1661 3354 1882 3436 pedum
1923 3371 2167 3414 numero
2195 3352 2405 3413 merito
2525 3349 2534 3358 “

322 3462 639 3537 ponendus.
1521 3503 1528 3516 ι
1965 3525 1972 3528 ,
2321 3527 2326 3534 ‚

397 3570 456 3628 2.
494 3567 591 3627 Ex
618 3567 920 3648 geminato
947 3566 1218 3640 trochaeo,
1247 3564 1844 3638 trochaeo-nochum,
1870 3583 1975 3626 seu
1996 3563 2366 3625 ditrochaeus.

395 3677 451 3733 3.
489 3673 584 3733 Ex
613 3673 916 3754 geminato
933 3674 1160 3751 Jambo,
1185 3671 1502 3751 dijambus.

398 3782 454 3838 4.
496 3778 589 3838 Ex
617 3777 918 3858 geminato
937 3776 1218 3858 spondeo,
1234 3775 1609 3858 dispondeus.

401 3888 459 3944 5.
498 3884 590 3943 Ex
615 3885 879 3945 uochaeo
908 3893 970 3944 et
992 3882 1306 3964 pyrrichio,
1327 3902 1501 3963 paeon
1526 3881 1770 3963 primus.

391 3997 447 4053 6.
472 4023 479 4028 ·
504 3992 555 4051 E
571 3990 916 4075 xpyrrichio
943 4001 1007 4050 et
1033 3990 1314 4062 trochoeo,
1342 4009 1516 4069 poeon
1540 3988 1767 4049 tertius.

399 4101 456 4162 7.
494 4097 587 4159 Ex
603 4098 810 4174 jambo
832 4107 894 4157 et
920 4095 1236 4181 pyrrichio,
1265 4114 1436 4176 poeon
1463 4093 1773 4157 secundus.

398 4207 457 4264 8.
496 4203 592 4264 Ex
619 4202 911 4285 pyrrichio
938 4214 998 4263 et
1012 4204 1238 4280 jurabo,
1260 4222 1430 4283 poeon
1457 4213 1724 4282 quartus.

402 4315 461 4372 9.
499 4310 597 4371 Ex
622 4310 887 4371 trochaeo
914 4321 976 4369 et
992 4309 1218 4386 jambo‚
1244 4307 1638 4369 choriambus:

335 4433 478 4476 vo1..
506 4436 583 4479 ιι.
831 4468 843 4487 ,
1334 4427 1337 4428 ’
1422 4430 1500 4506 ,Μ
1533 4416 1574 4454 ⁴*
