<?xml version="1.0" encoding="UTF-8"?>
<!DOCTYPE html PUBLIC "-//W3C//DTD XHTML 1.0 Transitional//EN"
    "http://www.w3.org/TR/xhtml1/DTD/xhtml1-transitional.dtd">
<html xmlns="http://www.w3.org/1999/xhtml" xml:lang="en" lang="en">
 <head>
  <title>
</title>
<meta http-equiv="Content-Type" content="text/html;charset=utf-8" />
  <meta name='ocr-system' content='tesseract 3.04.00' />
  <meta name='ocr-capabilities' content='ocr_page ocr_carea ocr_par ocr_line ocrx_word'/>
</head>
<body>
  <div class='ocr_page' id='page_1' title='image "./pterentiicartha01unkngoog/pterentiicartha01unkngoog_0525.png"; bbox 0 0 2917 4900; ppageno 0'>
   <div class='ocr_carea' id='block_1_1' title="bbox 931 761 1875 882">
    <p class='ocr_par' dir='ltr' id='par_1_1' title="bbox 931 761 1875 882">
     <span class='ocr_line' id='line_1_1' title="bbox 931 761 1875 882; baseline 0.008 -8"><span class='ocrx_word' id='word_1_1' title='bbox 931 761 1875 882; x_wconf 80' lang='lat' dir='ltr'><strong>ARGUMENTUM.</strong></span> 
     </span>
    </p>
   </div>
   <div class='ocr_carea' id='block_1_2' title="bbox 1292 1118 1489 1153">
    <p class='ocr_par' dir='ltr' id='par_1_2' title="bbox 1292 1118 1489 1153">
     <span class='ocr_line' id='line_1_2' title="bbox 1292 1118 1489 1153; baseline -0.005 -6"><span class='ocrx_word' id='word_1_2' title='bbox 1292 1118 1489 1153; x_wconf 52' lang='lat' dir='ltr'><strong>-Q-</strong></span> 
     </span>
    </p>
   </div>
   <div class='ocr_carea' id='block_1_3' title="bbox 385 1380 2402 4393">
    <p class='ocr_par' dir='ltr' id='par_1_3' title="bbox 385 1380 2402 4393">
     <span class='ocr_line' id='line_1_3' title="bbox 478 1380 2402 1465; baseline 0.007 -20"><span class='ocrx_word' id='word_1_3' title='bbox 478 1381 739 1451; x_wconf 79' lang='lat' dir='ltr'>QUUM</span> <span class='ocrx_word' id='word_1_4' title='bbox 769 1380 1056 1444; x_wconf 75' lang='lat' dir='ltr'><strong>Chremes</strong></span> <span class='ocrx_word' id='word_1_5' title='bbox 1087 1381 1479 1465; x_wconf 86' lang='lat' dir='ltr'><strong>Demiphonis</strong></span> <span class='ocrx_word' id='word_1_6' title='bbox 1503 1385 1709 1460; x_wconf 87' lang='lat' dir='ltr'><strong>frater,</strong></span> <span class='ocrx_word' id='word_1_7' title='bbox 1732 1386 1962 1450; x_wconf 87' lang='lat' dir='ltr'><strong>adscito</strong></span> <span class='ocrx_word' id='word_1_8' title='bbox 1983 1389 2094 1452; x_wconf 87' lang='lat' dir='ltr'><strong>sibi</strong></span> <span class='ocrx_word' id='word_1_9' title='bbox 2131 1391 2211 1456; x_wconf 83' lang='lat' dir='ltr'><strong>ad</strong></span> <span class='ocrx_word' id='word_1_10' title='bbox 2235 1393 2402 1458; x_wconf 82' lang='lat' dir='ltr'><strong>falla-</strong></span> 
     </span>
     <span class='ocr_line' id='line_1_4' title="bbox 400 1479 2401 1562; baseline 0.007 -22"><span class='ocrx_word' id='word_1_11' title='bbox 400 1480 548 1541; x_wconf 88' lang='lat' dir='ltr'><strong>ciam</strong></span> <span class='ocrx_word' id='word_1_12' title='bbox 575 1479 831 1553; x_wconf 90' lang='lat' dir='ltr'><strong>nomine,</strong></span> <span class='ocrx_word' id='word_1_13' title='bbox 861 1499 981 1560; x_wconf 90' lang='lat' dir='ltr'><strong>quo</strong></span> <span class='ocrx_word' id='word_1_14' title='bbox 1012 1480 1381 1562; x_wconf 81' lang='lat' dir='ltr'><strong>Stilphonem</strong></span> <span class='ocrx_word' id='word_1_15' title='bbox 1426 1502 1495 1543; x_wconf 90' lang='lat' dir='ltr'><strong>se</strong></span> <span class='ocrx_word' id='word_1_16' title='bbox 1543 1482 1660 1546; x_wconf 89' lang='lat' dir='ltr'><strong>dici</strong></span> <span class='ocrx_word' id='word_1_17' title='bbox 1702 1485 1948 1560; x_wconf 78' lang='lat' dir='ltr'><strong>fecerat,</strong></span> <span class='ocrx_word' id='word_1_18' title='bbox 1994 1488 2142 1551; x_wconf 82' lang='lat' dir='ltr'><strong>duas</strong></span> <span class='ocrx_word' id='word_1_19' title='bbox 2187 1492 2401 1556; x_wconf 86' lang='lat' dir='ltr'><strong>eodem</strong></span> 
     </span>
     <span class='ocr_line' id='line_1_5' title="bbox 397 1577 2402 1667; baseline 0.004 -28"><span class='ocrx_word' id='word_1_20' title='bbox 397 1587 663 1658; x_wconf 89' lang='lat' dir='ltr'><strong>tempore</strong></span> <span class='ocrx_word' id='word_1_21' title='bbox 677 1577 982 1639; x_wconf 80' lang='lat' dir='ltr'><strong>habuisset</strong></span> <span class='ocrx_word' id='word_1_22' title='bbox 997 1598 1231 1652; x_wconf 83' lang='lat' dir='ltr'><strong>uxores,</strong></span> <span class='ocrx_word' id='word_1_23' title='bbox 1252 1580 1510 1641; x_wconf 89' lang='lat' dir='ltr'><strong>Athenis</strong></span> <span class='ocrx_word' id='word_1_24' title='bbox 1534 1580 1796 1658; x_wconf 82' lang='lat' dir='ltr'><strong>divitem,</strong></span> <span class='ocrx_word' id='word_1_25' title='bbox 1818 1604 2142 1667; x_wconf 76' lang='lat' dir='ltr'><strong>pauperem</strong></span> <span class='ocrx_word' id='word_1_26' title='bbox 2160 1588 2402 1653; x_wconf 76' lang='lat' dir='ltr'><strong>Lemni:</strong></span> 
     </span>
     <span class='ocr_line' id='line_1_6' title="bbox 396 1674 2401 1767; baseline 0.007 -32"><span class='ocrx_word' id='word_1_27' title='bbox 396 1695 474 1735; x_wconf 84' lang='lat' dir='ltr'><strong>ex</strong></span> <span class='ocrx_word' id='word_1_28' title='bbox 495 1674 677 1736; x_wconf 83' lang='lat' dir='ltr'><strong>divite</strong></span> <span class='ocrx_word' id='word_1_29' title='bbox 707 1676 947 1737; x_wconf 79' lang='lat' dir='ltr'><strong>sustulit</strong></span> <span class='ocrx_word' id='word_1_30' title='bbox 973 1676 1179 1750; x_wconf 89' lang='lat' dir='ltr'><strong>filium,</strong></span> <span class='ocrx_word' id='word_1_31' title='bbox 1218 1676 1318 1758; x_wconf 88' lang='lat' dir='ltr'><strong>qui</strong></span> <span class='ocrx_word' id='word_1_32' title='bbox 1339 1676 1530 1739; x_wconf 84' lang='lat' dir='ltr'><strong>dictus</strong></span> <span class='ocrx_word' id='word_1_33' title='bbox 1557 1689 1649 1740; x_wconf 87' lang='lat' dir='ltr'><strong>est</strong></span> <span class='ocrx_word' id='word_1_34' title='bbox 1685 1679 1995 1744; x_wconf 77' lang='lat' dir='ltr'><strong>Phoedria:</strong></span> <span class='ocrx_word' id='word_1_35' title='bbox 2036 1702 2118 1748; x_wconf 82' lang='lat' dir='ltr'><strong>ex</strong></span> <span class='ocrx_word' id='word_1_36' title='bbox 2137 1704 2401 1767; x_wconf 80' lang='lat' dir='ltr'><strong>paupere</strong></span> 
     </span>
     <span class='ocr_line' id='line_1_7' title="bbox 392 1772 2397 1856; baseline 0.004 -20"><span class='ocrx_word' id='word_1_37' title='bbox 392 1772 595 1836; x_wconf 86' lang='lat' dir='ltr'><strong>furtim</strong></span> <span class='ocrx_word' id='word_1_38' title='bbox 624 1775 885 1856; x_wconf 73' lang='lat' dir='ltr'><strong>suscepit</strong></span> <span class='ocrx_word' id='word_1_39' title='bbox 912 1786 1090 1856; x_wconf 87' lang='lat' dir='ltr'><strong>atque</strong></span> <span class='ocrx_word' id='word_1_40' title='bbox 1111 1774 1389 1836; x_wconf 85' lang='lat' dir='ltr'><strong>educavit</strong></span> <span class='ocrx_word' id='word_1_41' title='bbox 1412 1774 1614 1852; x_wconf 88' lang='lat' dir='ltr'><strong>filiam,</strong></span> <span class='ocrx_word' id='word_1_42' title='bbox 1636 1776 1927 1840; x_wconf 89' lang='lat' dir='ltr'><strong>Phanium</strong></span> <span class='ocrx_word' id='word_1_43' title='bbox 1947 1781 2205 1856; x_wconf 89' lang='lat' dir='ltr'><strong>nomine,</strong></span> <span class='ocrx_word' id='word_1_44' title='bbox 2235 1804 2397 1845; x_wconf 89' lang='lat' dir='ltr'><strong>eam-</strong></span> 
     </span>
     <span class='ocr_line' id='line_1_8' title="bbox 396 1872 2401 1962; baseline 0.005 -30"><span class='ocrx_word' id='word_1_45' title='bbox 396 1892 511 1953; x_wconf 88' lang='lat' dir='ltr'><strong>que</strong></span> <span class='ocrx_word' id='word_1_46' title='bbox 538 1873 786 1934; x_wconf 88' lang='lat' dir='ltr'><strong>consilio</strong></span> <span class='ocrx_word' id='word_1_47' title='bbox 813 1893 946 1934; x_wconf 89' lang='lat' dir='ltr'><strong>cum</strong></span> <span class='ocrx_word' id='word_1_48' title='bbox 973 1873 1157 1934; x_wconf 84' lang='lat' dir='ltr'><strong>fratre</strong></span> <span class='ocrx_word' id='word_1_49' title='bbox 1198 1872 1400 1933; x_wconf 87' lang='lat' dir='ltr'><strong>habito</strong></span> <span class='ocrx_word' id='word_1_50' title='bbox 1441 1872 1758 1936; x_wconf 85' lang='lat' dir='ltr'><strong>destinavit</strong></span> <span class='ocrx_word' id='word_1_51' title='bbox 1777 1876 1898 1938; x_wconf 84' lang='lat' dir='ltr'><strong>filio</strong></span> <span class='ocrx_word' id='word_1_52' title='bbox 1927 1882 2052 1955; x_wconf 84' lang='lat' dir='ltr'><strong>ejus</strong></span> <span class='ocrx_word' id='word_1_53' title='bbox 2082 1880 2401 1962; x_wconf 86' lang='lat' dir='ltr'><strong>Antiphoni</strong></span> 
     </span>
     <span class='ocr_line' id='line_1_9' title="bbox 389 1971 2399 2056; baseline 0.004 -24"><span class='ocrx_word' id='word_1_54' title='bbox 389 1991 640 2033; x_wconf 80' lang='lat' dir='ltr'><strong>uxorem</strong></span> <span class='ocrx_word' id='word_1_55' title='bbox 666 1971 844 2034; x_wconf 82' lang='lat' dir='ltr'><strong>dare..</strong></span> <span class='ocrx_word' id='word_1_56' title='bbox 868 1971 1097 2040; x_wconf 80' lang='lat' dir='ltr'><strong>Quibus</strong></span> <span class='ocrx_word' id='word_1_57' title='bbox 1113 1971 1497 2052; x_wconf 78' lang='lat' dir='ltr'><strong>complacitis,</strong></span> <span class='ocrx_word' id='word_1_58' title='bbox 1512 1992 1633 2034; x_wconf 88' lang='lat' dir='ltr'><strong>uno</strong></span> <span class='ocrx_word' id='word_1_59' title='bbox 1648 1984 1916 2055; x_wconf 86' lang='lat' dir='ltr'><strong>tempore</strong></span> <span class='ocrx_word' id='word_1_60' title='bbox 1934 1976 2186 2056; x_wconf 82' lang='lat' dir='ltr'><strong>profecti</strong></span> <span class='ocrx_word' id='word_1_61' title='bbox 2204 1979 2399 2040; x_wconf 87' lang='lat' dir='ltr'><strong>Athe-</strong></span> 
     </span>
     <span class='ocr_line' id='line_1_10' title="bbox 392 2068 2400 2151; baseline 0.005 -21"><span class='ocrx_word' id='word_1_62' title='bbox 392 2070 481 2131; x_wconf 83' lang='lat' dir='ltr'><strong>nis</strong></span> <span class='ocrx_word' id='word_1_63' title='bbox 517 2089 711 2144; x_wconf 83' lang='lat' dir='ltr'><strong>senes,</strong></span> <span class='ocrx_word' id='word_1_64' title='bbox 732 2068 1034 2151; x_wconf 86' lang='lat' dir='ltr'><strong>Demipho</strong></span> <span class='ocrx_word' id='word_1_65' title='bbox 1061 2069 1123 2130; x_wconf 90' lang='lat' dir='ltr'><strong>in</strong></span> <span class='ocrx_word' id='word_1_66' title='bbox 1150 2068 1438 2142; x_wconf 79' lang='lat' dir='ltr'><strong>Ciliciam,</strong></span> <span class='ocrx_word' id='word_1_67' title='bbox 1469 2069 1756 2132; x_wconf 84' lang='lat' dir='ltr'><strong>Chremes</strong></span> <span class='ocrx_word' id='word_1_68' title='bbox 1777 2071 2071 2134; x_wconf 87' lang='lat' dir='ltr'><strong>Lemnum</strong></span> <span class='ocrx_word' id='word_1_69' title='bbox 2098 2075 2177 2136; x_wconf 87' lang='lat' dir='ltr'><strong>ad</strong></span> <span class='ocrx_word' id='word_1_70' title='bbox 2201 2095 2400 2142; x_wconf 86' lang='lat' dir='ltr'><strong>arces-</strong></span> 
     </span>
     <span class='ocr_line' id='line_1_11' title="bbox 393 2165 2399 2251; baseline 0.003 -22"><span class='ocrx_word' id='word_1_71' title='bbox 393 2168 636 2229; x_wconf 84' lang='lat' dir='ltr'><strong>sendam</strong></span> <span class='ocrx_word' id='word_1_72' title='bbox 660 2167 859 2242; x_wconf 87' lang='lat' dir='ltr'><strong>filiam,</strong></span> <span class='ocrx_word' id='word_1_73' title='bbox 896 2188 1029 2248; x_wconf 78' lang='lat' dir='ltr'><strong>quse</strong></span> <span class='ocrx_word' id='word_1_74' title='bbox 1061 2168 1186 2247; x_wconf 78' lang='lat' dir='ltr'><strong>jam</strong></span> <span class='ocrx_word' id='word_1_75' title='bbox 1210 2165 1373 2228; x_wconf 90' lang='lat' dir='ltr'><strong>illinc</strong></span> <span class='ocrx_word' id='word_1_76' title='bbox 1410 2186 1549 2228; x_wconf 89' lang='lat' dir='ltr'><strong>cum</strong></span> <span class='ocrx_word' id='word_1_77' title='bbox 1586 2180 1776 2231; x_wconf 88' lang='lat' dir='ltr'><strong>matre</strong></span> <span class='ocrx_word' id='word_1_78' title='bbox 1802 2171 2198 2251; x_wconf 79' lang='lat' dir='ltr'><strong>navigaverat,</strong></span> <span class='ocrx_word' id='word_1_79' title='bbox 2225 2194 2399 2238; x_wconf 86' lang='lat' dir='ltr'><strong>occa-</strong></span> 
     </span>
     <span class='ocr_line' id='line_1_12' title="bbox 396 2263 2395 2329; baseline 0 -1"><span class='ocrx_word' id='word_1_80' title='bbox 396 2266 620 2328; x_wconf 78' lang='lat' dir='ltr'><strong>sionem</strong></span> <span class='ocrx_word' id='word_1_81' title='bbox 654 2266 948 2327; x_wconf 87' lang='lat' dir='ltr'><strong>dederunt</strong></span> <span class='ocrx_word' id='word_1_82' title='bbox 987 2266 1221 2328; x_wconf 87' lang='lat' dir='ltr'><strong>amandi</strong></span> <span class='ocrx_word' id='word_1_83' title='bbox 1249 2263 1769 2328; x_wconf 86' lang='lat' dir='ltr'><strong>adolescentibus.-</strong></span> <span class='ocrx_word' id='word_1_84' title='bbox 1823 2264 1979 2326; x_wconf 89' lang='lat' dir='ltr'><strong>Nam</strong></span> <span class='ocrx_word' id='word_1_85' title='bbox 1999 2267 2197 2327; x_wconf 82' lang='lat' dir='ltr'><strong>statim</strong></span> <span class='ocrx_word' id='word_1_86' title='bbox 2221 2267 2395 2329; x_wconf 81' lang='lat' dir='ltr'><strong>Phae-</strong></span> 
     </span>
     <span class='ocr_line' id='line_1_13' title="bbox 401 2349 2398 2451; baseline 0.002 -27"><span class='ocrx_word' id='word_1_87' title='bbox 401 2365 525 2426; x_wconf 86' lang='lat' dir='ltr'><strong>dria</strong></span> <span class='ocrx_word' id='word_1_88' title='bbox 553 2364 976 2426; x_wconf 78' lang='lat' dir='ltr'><strong>citharistriam</strong></span> <span class='ocrx_word' id='word_1_89' title='bbox 1024 2366 1134 2425; x_wconf 90' lang='lat' dir='ltr'><strong>sub</strong></span> <span class='ocrx_word' id='word_1_90' title='bbox 1177 2364 1392 2425; x_wconf 87' lang='lat' dir='ltr'><strong>lenone</strong></span> <span class='ocrx_word' id='word_1_91' title='bbox 1427 2361 1609 2442; x_wconf 75' lang='lat' dir='ltr'><strong>coepit</strong></span> <span class='ocrx_word' id='word_1_92' title='bbox 1635 2349 1880 2451; x_wconf 22' lang='lat' dir='ltr'><strong>arderet:</strong></span> <span class='ocrx_word' id='word_1_93' title='bbox 1927 2364 2195 2445; x_wconf 87' lang='lat' dir='ltr'><strong>Antipho</strong></span> <span class='ocrx_word' id='word_1_94' title='bbox 2236 2366 2398 2427; x_wconf 88' lang='lat' dir='ltr'><strong>illam</strong></span> 
     </span>
     <span class='ocr_line' id='line_1_14' title="bbox 395 2459 2394 2544; baseline 0.004 -23"><span class='ocrx_word' id='word_1_95' title='bbox 395 2461 570 2523; x_wconf 84' lang='lat' dir='ltr'><strong>filiam</strong></span> <span class='ocrx_word' id='word_1_96' title='bbox 591 2464 784 2544; x_wconf 86' lang='lat' dir='ltr'><strong>patrui</strong></span> <span class='ocrx_word' id='word_1_97' title='bbox 811 2463 1100 2525; x_wconf 89' lang='lat' dir='ltr'><strong>Phanium</strong></span> <span class='ocrx_word' id='word_1_98' title='bbox 1127 2464 1540 2544; x_wconf 84' lang='lat' dir='ltr'><strong>desponsatam</strong></span> <span class='ocrx_word' id='word_1_99' title='bbox 1558 2459 1691 2533; x_wconf 88' lang='lat' dir='ltr'><strong>sibi,</strong></span> <span class='ocrx_word' id='word_1_100' title='bbox 1712 2461 1983 2523; x_wconf 84' lang='lat' dir='ltr'><strong>nesciens</strong></span> <span class='ocrx_word' id='word_1_101' title='bbox 2009 2464 2394 2540; x_wconf 84' lang='lat' dir='ltr'><strong>nescientem,</strong></span> 
     </span>
     <span class='ocr_line' id='line_1_15' title="bbox 397 2558 2397 2642; baseline 0.004 -23"><span class='ocrx_word' id='word_1_102' title='bbox 397 2579 530 2620; x_wconf 88' lang='lat' dir='ltr'><strong>mox</strong></span> <span class='ocrx_word' id='word_1_103' title='bbox 549 2572 619 2621; x_wconf 93' lang='lat' dir='ltr'><strong>ut</strong></span> <span class='ocrx_word' id='word_1_104' title='bbox 645 2560 910 2620; x_wconf 84' lang='lat' dir='ltr'><strong>Athenas</strong></span> <span class='ocrx_word' id='word_1_105' title='bbox 950 2560 1132 2639; x_wconf 65' lang='lat' dir='ltr'><strong>venit,</strong></span> <span class='ocrx_word' id='word_1_106' title='bbox 1173 2580 1287 2621; x_wconf 90' lang='lat' dir='ltr'><strong>nec</strong></span> <span class='ocrx_word' id='word_1_107' title='bbox 1310 2570 1542 2640; x_wconf 88' lang='lat' dir='ltr'><strong>patrem</strong></span> <span class='ocrx_word' id='word_1_108' title='bbox 1568 2558 1810 2639; x_wconf 87' lang='lat' dir='ltr'><strong>reperit,</strong></span> <span class='ocrx_word' id='word_1_109' title='bbox 1841 2559 1991 2621; x_wconf 83' lang='lat' dir='ltr'><strong>falsa</strong></span> <span class='ocrx_word' id='word_1_110' title='bbox 2018 2560 2237 2642; x_wconf 87' lang='lat' dir='ltr'><strong>duplici</strong></span> <span class='ocrx_word' id='word_1_111' title='bbox 2266 2565 2397 2642; x_wconf 82' lang='lat' dir='ltr'><strong>ejus</strong></span> 
     </span>
     <span class='ocr_line' id='line_1_16' title="bbox 394 2657 2401 2729; baseline 0.002 -13"><span class='ocrx_word' id='word_1_112' title='bbox 394 2658 647 2728; x_wconf 90' lang='lat' dir='ltr'><strong>nomine,</strong></span> <span class='ocrx_word' id='word_1_113' title='bbox 677 2668 922 2719; x_wconf 89' lang='lat' dir='ltr'><strong>matrem</strong></span> <span class='ocrx_word' id='word_1_114' title='bbox 936 2669 1225 2718; x_wconf 89' lang='lat' dir='ltr'><strong>mortuam</strong></span> <span class='ocrx_word' id='word_1_115' title='bbox 1252 2658 1395 2718; x_wconf 88' lang='lat' dir='ltr'><strong>dum</strong></span> <span class='ocrx_word' id='word_1_116' title='bbox 1433 2657 1804 2729; x_wconf 87' lang='lat' dir='ltr'><strong>lamentatur,</strong></span> <span class='ocrx_word' id='word_1_117' title='bbox 1832 2657 2163 2720; x_wconf 83' lang='lat' dir='ltr'><strong>adamavit:</strong></span> <span class='ocrx_word' id='word_1_118' title='bbox 2209 2660 2401 2720; x_wconf 87' lang='lat' dir='ltr'><strong>consi-</strong></span> 
     </span>
     <span class='ocr_line' id='line_1_17' title="bbox 393 2753 2397 2838; baseline 0.002 -24"><span class='ocrx_word' id='word_1_119' title='bbox 393 2753 588 2835; x_wconf 90' lang='lat' dir='ltr'><strong>lioque</strong></span> <span class='ocrx_word' id='word_1_120' title='bbox 605 2766 669 2815; x_wconf 88' lang='lat' dir='ltr'><strong>et</strong></span> <span class='ocrx_word' id='word_1_121' title='bbox 695 2774 877 2835; x_wconf 87' lang='lat' dir='ltr'><strong>opera</strong></span> <span class='ocrx_word' id='word_1_122' title='bbox 901 2753 1155 2835; x_wconf 84' lang='lat' dir='ltr'><strong>parasiti,</strong></span> <span class='ocrx_word' id='word_1_123' title='bbox 1183 2755 1512 2816; x_wconf 88' lang='lat' dir='ltr'><strong>secundum</strong></span> <span class='ocrx_word' id='word_1_124' title='bbox 1537 2754 1706 2835; x_wconf 82' lang='lat' dir='ltr'><strong>leges</strong></span> <span class='ocrx_word' id='word_1_125' title='bbox 1729 2753 2200 2829; x_wconf 85' lang='lat' dir='ltr'><strong>Atheniensium,</strong></span> <span class='ocrx_word' id='word_1_126' title='bbox 2232 2757 2397 2838; x_wconf 88' lang='lat' dir='ltr'><strong>quasi</strong></span> 
     </span>
     <span class='ocr_line' id='line_1_18' title="bbox 392 2850 2391 2932; baseline 0.002 -20"><span class='ocrx_word' id='word_1_127' title='bbox 392 2852 500 2912; x_wconf 79' lang='lat' dir='ltr'><strong>sibi</strong></span> <span class='ocrx_word' id='word_1_128' title='bbox 526 2863 783 2932; x_wconf 88' lang='lat' dir='ltr'><strong>cognata</strong></span> <span class='ocrx_word' id='word_1_129' title='bbox 809 2861 983 2926; x_wconf 86' lang='lat' dir='ltr'><strong>esset,</strong></span> <span class='ocrx_word' id='word_1_130' title='bbox 1010 2864 1289 2932; x_wconf 87' lang='lat' dir='ltr'><strong>tanquam</strong></span> <span class='ocrx_word' id='word_1_131' title='bbox 1314 2851 1376 2911; x_wconf 90' lang='lat' dir='ltr'><strong>in</strong></span> <span class='ocrx_word' id='word_1_132' title='bbox 1409 2856 1546 2929; x_wconf 88' lang='lat' dir='ltr'><strong>jure</strong></span> <span class='ocrx_word' id='word_1_133' title='bbox 1587 2850 1779 2911; x_wconf 84' lang='lat' dir='ltr'><strong>victus</strong></span> <span class='ocrx_word' id='word_1_134' title='bbox 1802 2863 1887 2927; x_wconf 54' lang='lat' dir='ltr'><strong>,et</strong></span> <span class='ocrx_word' id='word_1_135' title='bbox 1926 2853 2088 2914; x_wconf 86' lang='lat' dir='ltr'><strong>velut</strong></span> <span class='ocrx_word' id='word_1_136' title='bbox 2129 2866 2391 2928; x_wconf 82' lang='lat' dir='ltr'><strong>coactus,</strong></span> 
     </span>
     <span class='ocr_line' id='line_1_19' title="bbox 394 2949 2394 3031; baseline 0.001 -19"><span class='ocrx_word' id='word_1_137' title='bbox 394 2970 522 3012; x_wconf 82' lang='lat' dir='ltr'><strong>eam</strong></span> <span class='ocrx_word' id='word_1_138' title='bbox 542 2951 776 3030; x_wconf 90' lang='lat' dir='ltr'><strong>accepit</strong></span> <span class='ocrx_word' id='word_1_139' title='bbox 799 2969 1044 3011; x_wconf 86' lang='lat' dir='ltr'><strong>uxorem</strong></span> <span class='ocrx_word' id='word_1_140' title='bbox 1077 2970 1184 3031; x_wconf 90' lang='lat' dir='ltr'><strong>per</strong></span> <span class='ocrx_word' id='word_1_141' title='bbox 1228 2949 1551 3010; x_wconf 87' lang='lat' dir='ltr'><strong>absentiam</strong></span> <span class='ocrx_word' id='word_1_142' title='bbox 1580 2949 1782 3029; x_wconf 86' lang='lat' dir='ltr'><strong>patris.</strong></span> <span class='ocrx_word' id='word_1_143' title='bbox 1866 2950 1986 3017; x_wconf 80' lang='lat' dir='ltr'><strong>Qui</strong></span> <span class='ocrx_word' id='word_1_144' title='bbox 2011 2970 2190 3031; x_wconf 90' lang='lat' dir='ltr'><strong>quum</strong></span> <span class='ocrx_word' id='word_1_145' title='bbox 2217 2950 2394 3013; x_wconf 81' lang='lat' dir='ltr'><strong>adve-</strong></span> 
     </span>
     <span class='ocr_line' id='line_1_20' title="bbox 391 3045 2396 3128; baseline 0.001 -21"><span class='ocrx_word' id='word_1_146' title='bbox 391 3048 591 3120; x_wconf 87' lang='lat' dir='ltr'><strong>nisset,</strong></span> <span class='ocrx_word' id='word_1_147' title='bbox 623 3058 685 3108; x_wconf 90' lang='lat' dir='ltr'><strong>et</strong></span> <span class='ocrx_word' id='word_1_148' title='bbox 710 3047 891 3108; x_wconf 89' lang='lat' dir='ltr'><strong>vellet</strong></span> <span class='ocrx_word' id='word_1_149' title='bbox 918 3066 1049 3108; x_wconf 85' lang='lat' dir='ltr'><strong>eam</strong></span> <span class='ocrx_word' id='word_1_150' title='bbox 1076 3047 1410 3128; x_wconf 81' lang='lat' dir='ltr'><strong>expellere:</strong></span> <span class='ocrx_word' id='word_1_151' title='bbox 1455 3046 1645 3127; x_wconf 80' lang='lat' dir='ltr'><strong>primo</strong></span> <span class='ocrx_word' id='word_1_152' title='bbox 1692 3045 2030 3107; x_wconf 88' lang='lat' dir='ltr'><strong>confutatur</strong></span> <span class='ocrx_word' id='word_1_153' title='bbox 2074 3066 2183 3127; x_wconf 84' lang='lat' dir='ltr'><strong>per</strong></span> <span class='ocrx_word' id='word_1_154' title='bbox 2208 3048 2396 3128; x_wconf 91' lang='lat' dir='ltr'><strong>impu-</strong></span> 
     </span>
     <span class='ocr_line' id='line_1_21' title="bbox 391 3142 2395 3226; baseline -0 -20"><span class='ocrx_word' id='word_1_155' title='bbox 391 3145 647 3207; x_wconf 84' lang='lat' dir='ltr'><strong>dentiam</strong></span> <span class='ocrx_word' id='word_1_156' title='bbox 672 3144 929 3225; x_wconf 86' lang='lat' dir='ltr'><strong>parasiti.</strong></span> <span class='ocrx_word' id='word_1_157' title='bbox 972 3155 1111 3226; x_wconf 88' lang='lat' dir='ltr'><strong>post</strong></span> <span class='ocrx_word' id='word_1_158' title='bbox 1155 3163 1291 3204; x_wconf 90' lang='lat' dir='ltr'><strong>cum</strong></span> <span class='ocrx_word' id='word_1_159' title='bbox 1332 3163 1439 3204; x_wconf 87' lang='lat' dir='ltr'><strong>suo</strong></span> <span class='ocrx_word' id='word_1_160' title='bbox 1468 3144 1647 3204; x_wconf 86' lang='lat' dir='ltr'><strong>fratre</strong></span> <span class='ocrx_word' id='word_1_161' title='bbox 1676 3143 1763 3204; x_wconf 83' lang='lat' dir='ltr'><strong>sic</strong></span> <span class='ocrx_word' id='word_1_162' title='bbox 1791 3142 2106 3223; x_wconf 82' lang='lat' dir='ltr'><strong>decipitur,</strong></span> <span class='ocrx_word' id='word_1_163' title='bbox 2133 3154 2219 3216; x_wconf 91' lang='lat' dir='ltr'><strong>ut,</strong></span> <span class='ocrx_word' id='word_1_164' title='bbox 2250 3144 2395 3205; x_wconf 89' lang='lat' dir='ltr'><strong>dum</strong></span> 
     </span>
     <span class='ocr_line' id='line_1_22' title="bbox 391 3240 2397 3323; baseline 0 -19"><span class='ocrx_word' id='word_1_165' title='bbox 391 3261 523 3304; x_wconf 90' lang='lat' dir='ltr'><strong>eam</strong></span> <span class='ocrx_word' id='word_1_166' title='bbox 545 3242 735 3303; x_wconf 85' lang='lat' dir='ltr'><strong>credit</strong></span> <span class='ocrx_word' id='word_1_167' title='bbox 771 3242 848 3302; x_wconf 90' lang='lat' dir='ltr'><strong>ab</strong></span> <span class='ocrx_word' id='word_1_168' title='bbox 887 3240 1231 3321; x_wconf 85' lang='lat' dir='ltr'><strong>Antiphone</strong></span> <span class='ocrx_word' id='word_1_169' title='bbox 1256 3261 1431 3322; x_wconf 86' lang='lat' dir='ltr'><strong>posse</strong></span> <span class='ocrx_word' id='word_1_170' title='bbox 1459 3241 1735 3322; x_wconf 82' lang='lat' dir='ltr'><strong>disjungi,</strong></span> <span class='ocrx_word' id='word_1_171' title='bbox 1783 3259 1915 3302; x_wconf 91' lang='lat' dir='ltr'><strong>eam</strong></span> <span class='ocrx_word' id='word_1_172' title='bbox 1953 3240 2240 3320; x_wconf 85' lang='lat' dir='ltr'><strong>parasitus</strong></span> <span class='ocrx_word' id='word_1_173' title='bbox 2268 3241 2397 3323; x_wconf 87' lang='lat' dir='ltr'><strong>ipse</strong></span> 
     </span>
     <span class='ocr_line' id='line_1_23' title="bbox 391 3323 2394 3417; baseline -0 -16"><span class='ocrx_word' id='word_1_174' title='bbox 391 3340 574 3401; x_wconf 87' lang='lat' dir='ltr'><strong>ducat</strong></span> <span class='ocrx_word' id='word_1_175' title='bbox 615 3357 892 3400; x_wconf 68' lang='lat' dir='ltr'><strong>uxorema</strong></span> <span class='ocrx_word' id='word_1_176' title='bbox 936 3349 998 3399; x_wconf 90' lang='lat' dir='ltr'><strong>et</strong></span> <span class='ocrx_word' id='word_1_177' title='bbox 1040 3338 1145 3399; x_wconf 87' lang='lat' dir='ltr'><strong>det</strong></span> <span class='ocrx_word' id='word_1_178' title='bbox 1172 3339 1427 3399; x_wconf 87' lang='lat' dir='ltr'><strong>ducturo</strong></span> <span class='ocrx_word' id='word_1_179' title='bbox 1466 3323 1611 3397; x_wconf 55' lang='lat' dir='ltr'><strong>xix.</strong></span> <span class='ocrx_word' id='word_1_180' title='bbox 1644 3337 1830 3397; x_wconf 89' lang='lat' dir='ltr'><strong>minas</strong></span> <span class='ocrx_word' id='word_1_181' title='bbox 1856 3337 2197 3417; x_wconf 80' lang='lat' dir='ltr'><strong>proesenteis</strong></span> <span class='ocrx_word' id='word_1_182' title='bbox 2220 3338 2394 3414; x_wconf 87' lang='lat' dir='ltr'><strong>dotis,</strong></span> 
     </span>
     <span class='ocr_line' id='line_1_24' title="bbox 391 3433 2393 3519; baseline -0 -21"><span class='ocrx_word' id='word_1_183' title='bbox 391 3438 606 3519; x_wconf 81' lang='lat' dir='ltr'><strong>puelloe</strong></span> <span class='ocrx_word' id='word_1_184' title='bbox 628 3437 899 3509; x_wconf 86' lang='lat' dir='ltr'><strong>nomine;</strong></span> <span class='ocrx_word' id='word_1_185' title='bbox 940 3455 1084 3519; x_wconf 89' lang='lat' dir='ltr'><strong>quas</strong></span> <span class='ocrx_word' id='word_1_186' title='bbox 1128 3435 1403 3496; x_wconf 88' lang='lat' dir='ltr'><strong>Phormio</strong></span> <span class='ocrx_word' id='word_1_187' title='bbox 1429 3444 1709 3514; x_wconf 87' lang='lat' dir='ltr'><strong>acceptas</strong></span> <span class='ocrx_word' id='word_1_188' title='bbox 1737 3433 2028 3493; x_wconf 78' lang='lat' dir='ltr'><strong>Phaedriae</strong></span> <span class='ocrx_word' id='word_1_189' title='bbox 2051 3433 2251 3495; x_wconf 86' lang='lat' dir='ltr'><strong>dedit:</strong></span> <span class='ocrx_word' id='word_1_190' title='bbox 2291 3435 2393 3497; x_wconf 90' lang='lat' dir='ltr'><strong>ille</strong></span> 
     </span>
     <span class='ocr_line' id='line_1_25' title="bbox 385 3530 2390 3611; baseline 0 -17"><span class='ocrx_word' id='word_1_191' title='bbox 385 3533 582 3596; x_wconf 88' lang='lat' dir='ltr'><strong>lenoni</strong></span> <span class='ocrx_word' id='word_1_192' title='bbox 609 3533 688 3594; x_wconf 88' lang='lat' dir='ltr'><strong>ad</strong></span> <span class='ocrx_word' id='word_1_193' title='bbox 715 3532 1139 3595; x_wconf 81' lang='lat' dir='ltr'><strong>citharistriam</strong></span> <span class='ocrx_word' id='word_1_194' title='bbox 1168 3532 1591 3593; x_wconf 83' lang='lat' dir='ltr'><strong>redimendam.</strong></span> <span class='ocrx_word' id='word_1_195' title='bbox 1673 3530 1902 3598; x_wconf 81' lang='lat' dir='ltr'><strong>Quibus</strong></span> <span class='ocrx_word' id='word_1_196' title='bbox 1922 3530 2104 3611; x_wconf 83' lang='lat' dir='ltr'><strong>gestis</strong></span> <span class='ocrx_word' id='word_1_197' title='bbox 2148 3532 2390 3595; x_wconf 90' lang='lat' dir='ltr'><strong>tandem</strong></span> 
     </span>
     <span class='ocr_line' id='line_1_26' title="bbox 388 3629 2390 3711; baseline -0.001 -17"><span class='ocrx_word' id='word_1_198' title='bbox 388 3632 679 3694; x_wconf 83' lang='lat' dir='ltr'><strong>Chremes</strong></span> <span class='ocrx_word' id='word_1_199' title='bbox 703 3631 974 3711; x_wconf 77' lang='lat' dir='ltr'><strong>agnoscit</strong></span> <span class='ocrx_word' id='word_1_200' title='bbox 998 3630 1176 3691; x_wconf 87' lang='lat' dir='ltr'><strong>filiam</strong></span> <span class='ocrx_word' id='word_1_201' title='bbox 1203 3649 1368 3691; x_wconf 87' lang='lat' dir='ltr'><strong>suam</strong></span> <span class='ocrx_word' id='word_1_202' title='bbox 1409 3630 1793 3707; x_wconf 87' lang='lat' dir='ltr'><strong>conjunctam</strong></span> <span class='ocrx_word' id='word_1_203' title='bbox 1840 3648 1970 3690; x_wconf 85' lang='lat' dir='ltr'><strong>esse</strong></span> <span class='ocrx_word' id='word_1_204' title='bbox 2009 3629 2210 3691; x_wconf 85' lang='lat' dir='ltr'><strong>fratris</strong></span> <span class='ocrx_word' id='word_1_205' title='bbox 2246 3630 2390 3692; x_wconf 89' lang='lat' dir='ltr'><strong>filio.</strong></span> 
     </span>
     <span class='ocr_line' id='line_1_27' title="bbox 387 3725 2391 3808; baseline 0 -19"><span class='ocrx_word' id='word_1_206' title='bbox 387 3731 589 3798; x_wconf 84' lang='lat' dir='ltr'><strong>Quare</strong></span> <span class='ocrx_word' id='word_1_207' title='bbox 609 3728 752 3789; x_wconf 90' lang='lat' dir='ltr'><strong>dum</strong></span> <span class='ocrx_word' id='word_1_208' title='bbox 779 3738 1002 3789; x_wconf 86' lang='lat' dir='ltr'><strong>mutato</strong></span> <span class='ocrx_word' id='word_1_209' title='bbox 1027 3727 1268 3788; x_wconf 87' lang='lat' dir='ltr'><strong>consilio</strong></span> <span class='ocrx_word' id='word_1_210' title='bbox 1281 3746 1427 3787; x_wconf 82' lang='lat' dir='ltr'>xxx.</span> <span class='ocrx_word' id='word_1_211' title='bbox 1444 3728 1682 3787; x_wconf 87' lang='lat' dir='ltr'><strong>minasa</strong></span> <span class='ocrx_word' id='word_1_212' title='bbox 1705 3725 2058 3788; x_wconf 83' lang='lat' dir='ltr'><strong>Phormione</strong></span> <span class='ocrx_word' id='word_1_213' title='bbox 2078 3748 2185 3808; x_wconf 89' lang='lat' dir='ltr'><strong>per</strong></span> <span class='ocrx_word' id='word_1_214' title='bbox 2204 3729 2391 3790; x_wconf 81' lang='lat' dir='ltr'><strong>rixam</strong></span> 
     </span>
     <span class='ocr_line' id='line_1_28' title="bbox 388 3824 2391 3906; baseline 0 -19"><span class='ocrx_word' id='word_1_215' title='bbox 388 3836 638 3887; x_wconf 88' lang='lat' dir='ltr'><strong>conatur</strong></span> <span class='ocrx_word' id='word_1_216' title='bbox 665 3826 926 3904; x_wconf 65' lang='lat' dir='ltr'><strong>effigere,</strong></span> <span class='ocrx_word' id='word_1_217' title='bbox 945 3846 1052 3906; x_wconf 87' lang='lat' dir='ltr'><strong>per</strong></span> <span class='ocrx_word' id='word_1_218' title='bbox 1078 3826 1331 3887; x_wconf 89' lang='lat' dir='ltr'><strong>eundem</strong></span> <span class='ocrx_word' id='word_1_219' title='bbox 1357 3824 1623 3905; x_wconf 87' lang='lat' dir='ltr'><strong>proditus</strong></span> <span class='ocrx_word' id='word_1_220' title='bbox 1660 3824 1829 3884; x_wconf 85' lang='lat' dir='ltr'><strong>uxori</strong></span> <span class='ocrx_word' id='word_1_221' title='bbox 1855 3843 1981 3884; x_wconf 84' lang='lat' dir='ltr'><strong>suae</strong></span> <span class='ocrx_word' id='word_1_222' title='bbox 2003 3825 2391 3888; x_wconf 80' lang='lat' dir='ltr'><strong>Nausistratae</strong></span> 
     </span>
     <span class='ocr_line' id='line_1_29' title="bbox 389 3921 2394 3993; baseline 0 -9"><span class='ocrx_word' id='word_1_223' title='bbox 389 3933 477 3984; x_wconf 84' lang='lat' dir='ltr'><strong>est</strong></span> <span class='ocrx_word' id='word_1_224' title='bbox 497 3944 515 3983; x_wconf 69' lang='grc' dir='ltr'><strong>ι</strong></span> <span class='ocrx_word' id='word_1_225' title='bbox 558 3932 620 3982; x_wconf 88' lang='lat' dir='ltr'><strong>et</strong></span> <span class='ocrx_word' id='word_1_226' title='bbox 644 3921 836 3982; x_wconf 85' lang='lat' dir='ltr'><strong>factus</strong></span> <span class='ocrx_word' id='word_1_227' title='bbox 854 3921 1107 3982; x_wconf 87' lang='lat' dir='ltr'><strong>libidinis</strong></span> <span class='ocrx_word' id='word_1_228' title='bbox 1136 3941 1288 3993; x_wconf 87' lang='lat' dir='ltr'><strong>reus,</strong></span> <span class='ocrx_word' id='word_1_229' title='bbox 1323 3941 1444 3982; x_wconf 91' lang='lat' dir='ltr'><strong>non</strong></span> <span class='ocrx_word' id='word_1_230' title='bbox 1469 3922 1603 3982; x_wconf 81' lang='lat' dir='ltr'><strong>ante</strong></span> <span class='ocrx_word' id='word_1_231' title='bbox 1630 3921 1862 3983; x_wconf 86' lang='lat' dir='ltr'><strong>veniam</strong></span> <span class='ocrx_word' id='word_1_232' title='bbox 1885 3923 2097 3982; x_wconf 90' lang='lat' dir='ltr'><strong>meruit</strong></span> <span class='ocrx_word' id='word_1_233' title='bbox 2116 3943 2156 3983; x_wconf 91' lang='lat' dir='ltr'><strong>a</strong></span> <span class='ocrx_word' id='word_1_234' title='bbox 2180 3934 2394 3985; x_wconf 88' lang='lat' dir='ltr'><strong>matre·</strong></span> 
     </span>
     <span class='ocr_line' id='line_1_30' title="bbox 385 4019 2387 4100; baseline 0.001 -19"><span class='ocrx_word' id='word_1_235' title='bbox 385 4020 652 4093; x_wconf 82' lang='lat' dir='ltr'><strong>familias,</strong></span> <span class='ocrx_word' id='word_1_236' title='bbox 676 4039 852 4100; x_wconf 91' lang='lat' dir='ltr'><strong>quam</strong></span> <span class='ocrx_word' id='word_1_237' title='bbox 869 4030 931 4080; x_wconf 90' lang='lat' dir='ltr'><strong>et</strong></span> <span class='ocrx_word' id='word_1_238' title='bbox 955 4039 1103 4080; x_wconf 82' lang='lat' dir='ltr'><strong>xxx.</strong></span> <span class='ocrx_word' id='word_1_239' title='bbox 1121 4019 1424 4093; x_wconf 84' lang='lat' dir='ltr'><strong>minarum,</strong></span> <span class='ocrx_word' id='word_1_240' title='bbox 1440 4030 1503 4079; x_wconf 90' lang='lat' dir='ltr'><strong>et</strong></span> <span class='ocrx_word' id='word_1_241' title='bbox 1523 4019 1734 4079; x_wconf 88' lang='lat' dir='ltr'><strong>amoris</strong></span> <span class='ocrx_word' id='word_1_242' title='bbox 1759 4019 2138 4080; x_wconf 80' lang='lat' dir='ltr'><strong>Citharistriae</strong></span> <span class='ocrx_word' id='word_1_243' title='bbox 2156 4022 2387 4083; x_wconf 82' lang='lat' dir='ltr'><strong>veniam</strong></span> 
     </span>
     <span class='ocr_line' id='line_1_31' title="bbox 387 4116 2381 4197; baseline 0.002 -19"><span class='ocrx_word' id='word_1_244' title='bbox 387 4118 645 4179; x_wconf 86' lang='lat' dir='ltr'><strong>dedisset</strong></span> <span class='ocrx_word' id='word_1_245' title='bbox 684 4116 828 4178; x_wconf 87' lang='lat' dir='ltr'><strong>filio.</strong></span> <span class='ocrx_word' id='word_1_246' title='bbox 912 4117 1132 4176; x_wconf 75' lang='lat' dir='ltr'><strong>Primus</strong></span> <span class='ocrx_word' id='word_1_247' title='bbox 1154 4127 1323 4177; x_wconf 87' lang='lat' dir='ltr'><strong>actus</strong></span> <span class='ocrx_word' id='word_1_248' title='bbox 1349 4126 1441 4176; x_wconf 85' lang='lat' dir='ltr'><strong>est</strong></span> <span class='ocrx_word' id='word_1_249' title='bbox 1465 4117 1523 4175; x_wconf 91' lang='lat' dir='ltr'><strong>in</strong></span> <span class='ocrx_word' id='word_1_250' title='bbox 1550 4116 1846 4197; x_wconf 89' lang='lat' dir='ltr'><strong>colloquio</strong></span> <span class='ocrx_word' id='word_1_251' title='bbox 1889 4117 2046 4177; x_wconf 84' lang='lat' dir='ltr'><strong>Davi</strong></span> <span class='ocrx_word' id='word_1_252' title='bbox 2075 4128 2137 4177; x_wconf 93' lang='lat' dir='ltr'><strong>et</strong></span> <span class='ocrx_word' id='word_1_253' title='bbox 2166 4117 2381 4182; x_wconf 83' lang='lat' dir='ltr'><strong>Getoe:</strong></span> 
     </span>
     <span class='ocr_line' id='line_1_32' title="bbox 393 4213 2388 4297; baseline 0.002 -24"><span class='ocrx_word' id='word_1_254' title='bbox 393 4234 497 4295; x_wconf 87' lang='lat' dir='ltr'><strong>per</strong></span> <span class='ocrx_word' id='word_1_255' title='bbox 543 4234 691 4296; x_wconf 84' lang='lat' dir='ltr'><strong>quos</strong></span> <span class='ocrx_word' id='word_1_256' title='bbox 719 4214 894 4275; x_wconf 86' lang='lat' dir='ltr'><strong>discit</strong></span> <span class='ocrx_word' id='word_1_257' title='bbox 936 4214 1186 4297; x_wconf 87' lang='lat' dir='ltr'><strong>populus</strong></span> <span class='ocrx_word' id='word_1_258' title='bbox 1226 4224 1654 4293; x_wconf 83' lang='lat' dir='ltr'><strong>argumentum.</strong></span> <span class='ocrx_word' id='word_1_259' title='bbox 1739 4213 1973 4272; x_wconf 83' lang='lat' dir='ltr'><strong>Secundi</strong></span> <span class='ocrx_word' id='word_1_260' title='bbox 2009 4226 2180 4275; x_wconf 89' lang='lat' dir='ltr'><strong>actus</strong></span> <span class='ocrx_word' id='word_1_261' title='bbox 2216 4229 2388 4277; x_wconf 89' lang='lat' dir='ltr'><strong>tenor</strong></span> 
     </span>
     <span class='ocr_line' id='line_1_33' title="bbox 387 4311 2384 4393; baseline 0.002 -21"><span class='ocrx_word' id='word_1_262' title='bbox 387 4314 648 4374; x_wconf 87' lang='lat' dir='ltr'><strong>continet</strong></span> <span class='ocrx_word' id='word_1_263' title='bbox 693 4313 1010 4374; x_wconf 84' lang='lat' dir='ltr'><strong>adventum</strong></span> <span class='ocrx_word' id='word_1_264' title='bbox 1037 4311 1189 4373; x_wconf 86' lang='lat' dir='ltr'><strong>senis</strong></span> <span class='ocrx_word' id='word_1_265' title='bbox 1237 4311 1656 4380; x_wconf 87' lang='lat' dir='ltr'><strong>turbulentum,</strong></span> <span class='ocrx_word' id='word_1_266' title='bbox 1708 4321 1769 4368; x_wconf 91' lang='lat' dir='ltr'><strong>et</strong></span> <span class='ocrx_word' id='word_1_267' title='bbox 1818 4311 2084 4388; x_wconf 83' lang='lat' dir='ltr'><strong>ejusdem</strong></span> <span class='ocrx_word' id='word_1_268' title='bbox 2124 4316 2384 4393; x_wconf 87' lang='lat' dir='ltr'><strong>jurgium</strong></span> 
     </span>
    </p>
   </div>
  </div>
 </body>
</html>
