2917 4900
474 370 708 445 suni*
889 370 1137 433 JULn
1182 368 1602 463 CAESARIS
1642 364 2157 430 scALIGERI

468 550 870 621 :emendandis
915 548 1232 613 autoribus.
1292 548 1540 611 Nam’et
1564 550 1724 631 apud
1767 549 2088 612 Senecam}
2126 550 2315 608 arcus&
2331 541 2581 608 jacendo

466 655 724 735 frangit,
745 657 977 715 animum
1001 655 1241 715 remissio
1258 676 1279 712 .·
1321 676 1456 714 eum
1503 657 1585 717 ibi
1611 656 1756 716 dixit
1783 677 1914 716 esse
1939 656 2228 715 inversum
2267 654 2578 726 senarium,

485 770 663 839 atque
690 760 818 839 ipse
847 761 932 819 sic
979 760 1246 824 invertit:
1294 762 1534 821 remissio
1575 763 1807 821 murnum
1832 761 2088 841 frangit,
2115 780 2302 820 ‹zv-cum
2324 759 2574 819 intensio.

466 863 757 926 ,Dixisset
785 864 1164 936 commodius,
1195 866 1354 946 quod
1372 867 1452 926 ad
1475 866 1655 946 pedes
1680 867 1910 938 attinet,
1938 866 2024 926 sic
2048 866 2166 945 legi
2189 884 2394 945 posse:
2420 882 2578 923 nnnc

465 989 621 1030 cum
648 969 1057 1030 necessitatem
1084 970 1271 1044 affert,
1298 991 1534 1033 causam
1557 993 1728 1034 suem
1746 972 1892 1033 facit
1916 973 2289 1033 deteriorem.
2330 971 2490 1031 Nam
2513 978 2578 1028 et

468 1076 571 1147 ¹sic
591 1074 853 1135 senarius
895 1086 1020 1136 est:
1056 1087 1121 1135 et
1160 1076 1223 1137 in
1248 1076 1374 1136 aliis
1413 1077 1569 1158 apud
1608 1078 1863 1140 eundem
1902 1089 2167 1139 autorem
2191 1075 2429 1138 senariis
2453 1092 2577 1134 non

479 1181 815 1241 observatas
844 1181 1030 1261 magis
1050 1181 1215 1261 leges
1235 1183 1543 1262 intelligas,
1568 1202 1747 1264 quam
1770 1182 1832 1243 in
1859 1181 2159 1244 comoediie
2200 1192 2304 1242 aut
2335 1179 2466 1241 aliis
2481 1178 2578 1239 fs·-

478 1286 653 1357 bulis,
682 1287 841 1361 unde
867 1287 967 1345 ille
993 1298 1266 1349 sumeret.
1306 1288 1487 1356 Quod
1511 1288 1561 1348 si
1588 1288 1780 1349 acrius
1799 1287 2218 1368 contemplere,
2237 1287 2576 1365 longecon-

478 1390 702 1451 cinnior
726 1392 1019 1454 sententia
1043 1404 1177 1454 est:
1232 1413 1409 1473 quem
1449 1392 1740 1453 deformat
1775 1393 1875 1454 ille
1901 1393 2222 1454 inversione
2243 1410 2372 1452 sua.
2413 1389 2574 1450 Nam

466 1497 776 1565 ¹sententia
815 1498 1046 1559 tametsi
1085 1497 1385 1577 aequaliter
1424 1498 1504 1558 de
1550 1516 1712 1573 arcu,
1753 1509 1819 1559 et
1857 1499 1936 1559 de
1985 1498 2200 1570 animo,
2245 1496 2580 1577 pronuntiat

454 1625 587 1687 per
611 1604 918 1674 contraria,
943 1614 1143 1663 tamen
1168 1603 1292 1663 vult
1310 1604 1760 1665 arcumreferre
1785 1603 1864 1664 ad
1896 1604 2175 1677 animum,
2197 1602 2472 1685 quoniam
2496 1600 2577 1660 de

464 1704 678 1772 ,animo
732 1709 941 1790 quaerit
985 1719 1263 1770 statuere.
1303 1709 1517 1788 Itaque
1555 1729 1675 1795 non
1715 1710 1791 1769 ab
1815 1728 1891 1768 eo
1928 1710 2208 1788 incipere,
2254 1706 2361 1767 sed
2396 1706 2455 1767 in
2495 1725 2572 1766 eo

462 1816 830 1879 ,sententiam
870 1815 1179 1875 terminare
1207 1815 1497 1895 oportuit:
1549 1813 1868 1893 praesertim
1914 1828 2051 1874 cum
2102 1822 2320 1891 proeter
2361 1829 2575 1891 expec-

480 1922 701 1983 tionem
728 1921 807 1981 de
832 1920 1029 1980 animo
1067 1919 1300 1981 sentiat.
1339 1919 1504 1980 Nihil
1530 1919 1688 1980 enim
1724 1918 1955 1993 mirum,
2000 1916 2327 1978 intensione
2351 1932 2575 1990 arcum,

463 2038 547 2087 ,at
573 2026 779 2084 mirum
806 2023 1144 2084 remissione
1185 2023 1441 2083 animum
1458 2025 1673 2106 frangi.
1715 2028 1916 2094 Quare
1940 2036 2002 2086 et
2027 2024 2245 2087 crescit
2266 2021 2472 2095 oratio,
2513 2031 2582 2083 et

464 2131 612 2193 ,talis
633 2139 743 2202 est,
771 2140 840 2188 ut
859 2129 1059 2209 quavis
1086 2129 1300 2208 pedum
1330 2130 1710 2211 dispositione
1730 2132 1923 2214 potior
1950 2133 2044 2193 sit.
2085 2132 2183 2192 Ita
2195 2129 2574 2192 curiosahoec

462 2234 716 2314 ,ingenia
734 2252 1136 2313 saepenumero
1151 2235 1376 2312 judicio
1395 2247 1618 2299 carent.
1660 2237 1760 2298 De
1788 2236 2140 2297 comicorum
2159 2255 2433 2296 versuum
2447 2253 2575 2295 ma-

475 2339 645 2416 teria,
681 2339 1043 2421 partiumque
1080 2340 1435 2418 quantitate,
1484 2341 1626 2400 setis
1653 2340 2007 2421 disputantur
2033 2350 2165 2410 est3
2207 2340 2285 2401 de
2311 2340 2570 2419 ipserum

459 2448 727 2528 ,partium
767 2467 1011 2508 numero
1054 2444 1333 2526 deinceps
1377 2445 1699 2508 videamus.
1762 2445 2077 2525 Principio,
2107 2446 2268 2529 quod
2292 2457 2471 2508 antea
2505 2447 2572 2508 in

472 2554 634 2615 libris
661 2553 736 2614 de
762 2565 890 2615 arte
916 2554 1148 2633 poetica
1172 2552 1500 2626 statuimus,
1523 2552 1627 2618 hic
1650 2552 2043 2632 repetendum
2070 2561 2178 2624 est,
2222 2570 2427 2614 versus
2455 2570 2563 2632 per

474 2661 643 2721 initia
683 2672 878 2721 curtos
902 2659 1106 2731 fuisse,
1148 2658 1378 2719 duobus
1403 2657 1486 2719 ad
1509 2675 1796 2717 summum
1824 2665 2131 2717 contentos
2180 2656 2460 2736 pedibus..
2490 2656 2572 2718 Id

477 2767 639 2848 quod
665 2777 727 2836 et
754 2765 983 2827 ratione
1008 2764 1556 2845 comprehenditur:
1601 2761 1889 2842 siquidem
1928 2772 2129 2846 partes
2166 2772 2293 2822 toto
2317 2781 2570 2843 corpore

478 2873 703 2954 priores
719 2884 871 2934 sunt.
892 2882 954 2933 et
977 2872 1262 2952 exemplis
1285 2893 1304 2932 ε
1337 2870 1425 2931 sic
1443 2868 1600 2929 enim
1626 2877 1816 2928 ormm
1852 2886 1982 2927 esse
2000 2867 2248 2946 primum
2271 2868 2571 2928 senarium

476 2980 538 3040 in
564 2976 853 3059 Apollinis
879 2997 1100 3058 pugna,
1136 2995 1311 3056 quam
1338 2994 1477 3036 cum
1501 2973 1774 3054 Pythone
1795 2972 2109 3045 conseruit,
2135 2992 2211 3033 ex
2228 2971 2331 3033 illa
2355 2972 2573 3054 simpli-

458 3084 537 3150 ,ci
570 3082 1028 3144 acclamatione:
1051 3085 1106 3154 ἰὴ
1135 3087 1330 3142 παίειν.
1375 3081 1569 3146 Quam
1595 3097 1729 3139 cum
1747 3090 1810 3138 et
1834 3078 2134 3149 iterarent,
2156 3088 2219 3138 et
2233 3078 2571 3160 frequenta-

475 3201 626 3263 rent,
650 3200 853 3250 natum
875 3188 1041 3248 aiunt
1066 3187 1355 3248 senarium
1374 3207 1393 3247 ε
1418 3204 1537 3264 quo
1552 3195 1860 3263 tantopere
1879 3182 1940 3242 in
1958 3181 2077 3243 suis
2095 3183 2345 3245 oraculis
2362 3196 2570 3264 postea

474 3295 573 3355 ille
592 3295 922 3354 celebrarit.
941 3293 1007 3366 Ῑὴ
1028 3297 1227 3364 παίειν,
1248 3296 1304 3363 ἰὴ
1324 3294 1524 3361 παιὰν,
1546 3291 1602 3361 ἰὴ
1621 3288 1820 3348 παιάν.
1848 3290 1983 3356 Qua
1999 3288 2077 3348 de
2095 3307 2272 3350 causa
2289 3290 2449 3370 apud
2465 3310 2571 3351 au-

475 3412 635 3462 tores
671 3399 1017 3470 fabularum,
1044 3398 1299 3458 invenias
1342 3396 1520 3457 unica
1554 3414 1704 3456 voce
1724 3405 2065 3455 contentum
2100 3415 2332 3456 versum
2351 3417 2371 3457 ε
2403 3407 2468 3457 ut
2501 3397 2566 3457 in

462 3507 800 3568 -Eunuchoz
827 3505 1016 3565 occidi.
1040 3502 1160 3564 Sed
1175 3514 1238 3564 et
1258 3501 1721 3581 monosyllabum
1741 3501 2036 3561 interdum
2054 3522 2074 3563 ε
2098 3512 2166 3562 ut
2180 3503 2243 3560 in
2269 3502 2563 3566 Hecubar

472 3621 590 3696 φεῦ.
622 3613 703 3672 Et
731 3611 941 3671 eadem
962 3609 1259 3689 geminata
1278 3627 1447 3681 voce,
1476 3607 1766 3668 distinctae
1792 3625 1991 3679 voces,
2013 3617 2081 3666 ut
2102 3608 2165 3666 in
2193 3607 2390 3680 Pluto,
2417 3619 2488 3668 ut
2503 3608 2569 3668 in

466 3718 735 3779 Oreste:
780 3712 843 3790 d,
869 3713 931 3776 d.
977 3717 1056 3777 Et
1082 3719 1436 3791 conjunctaz
1468 3722 1534 3771 ut
1559 3711 1621 3769 in
1645 3709 1975 3772 Philoctete
1999 3711 2347 3791 Sophoclis:
2369 3711 2573 3774 'Arm-

473 3826 637 3887 τατά.
680 3823 974 3904 Repetitis
1001 3821 1215 3882 deinde
1236 3819 1515 3880 tractibus
1539 3816 2145 3897 productioresfscti:
2192 3831 2260 3877 ut
2295 3818 2358 3877 in
2381 3818 2571 3880 Nubi-

474 3935 612 3995 bus:
630 3931 745 4002 1051,
767 3930 871 3990 ἰού.
899 3929 1044 3988 Hoc
1065 3945 1301 4007 quoque
1321 3925 1403 3984 ita
1418 3923 1482 3983 in
1498 3922 1841 3981 Trinummo
1860 3921 2221 4001 duplicatum
2238 3921 2370 3994 fuit,
2393 3935 2464 3983 ut
2477 3925 2570 3983 di-

464 4050 666 4100 meter
707 4036 912 4097 fieret:
945 4033 995 4092 Ο
1022 4032 1287 4101 Callicles,
1332 4029 1382 4088 Ο
1412 4028 1679 4088 Callicles.
1721 4027 1887 4107 Ergo
1910 4045 2046 4086 cum
2082 4027 2199 4086 duo
2232 4028 2450 4107 pedum
2473 4048 2566 4089 es-

475 4155 611 4204 sent
628 4159 869 4222 genera,
892 4140 1135 4200 alterum
1148 4134 1461 4195 motorium
1485 4158 1503 4203 ς
1521 4133 1768 4192 alterum
1787 4132 2114 4192 statarium:
2136 4131 2238 4211 qui
2263 4151 2467 4191 versus
2487 4151 2567 4193 ex

469 4250 1099 4324 meteriis-constarent,
1135 4244 1197 4306 in
1216 4243 1287 4306 iis
1311 4241 1483 4304 binos
1507 4237 1689 4320 pedes
1713 4236 1956 4318 singulis
1975 4236 2255 4302 collectos
2278 4239 2570 4306 tractibus
