2917 4900
710 335 844 397 nr:
918 334 1314 399 Marum
1386 312 1882 409 comem?
2227 347 2360 409 cxi·

359 526 475 575 nent
500 517 840 601 deprompta,
890 520 1309 602 humilemque
1350 520 1515 582 illum
1551 533 1615 583 et
1641 522 1979 603 depressum
2005 524 2207 606 populi
2235 544 2358 587 ser-

353 640 492 681 man
524 624 752 698 imitm’3
799 627 1085 708 oportuit
1128 627 1363 708 iusuper
1400 626 1650 689 eandem
1678 649 1914 710 quoque
1942 631 2360 711 pronuntiandi

347 727 544 803 runem,
567 742 850 810 quantum
871 743 1142 815 poterat,
1173 734 1426 816 assequi,
1449 754 1572 817 qua
1593 736 1849 816 populus
1865 737 1927 797 iu
1948 739 2360 819 congressibus

341 836 624 917 amuoquiis
663 838 1071 901 familiaribus
1114 849 1400 903 uteretur.
1473 843 1599 903 Hic
1640 863 1817 905 verus
1858 847 2206 907 &cenamus
2227 848 2357 911 fere

334 938 502 1002 anim
522 943 662 1018 fons,
701 966 851 1028 quoe
881 957 1120 1006 tanmm
1155 947 1400 1009 eruditis
1424 949 1727 1029 negotium
1765 951 2078 1023 fecerunt3
2103 953 2242 1015 binc
2269 965 2360 1016 est

328 1046 421 1123 md
438 1051 642 1113 comicis
668 1051 880 1134 poetis
909 1051 1103 1126 licuit,
1130 1052 1293 1131 quod
1338 1052 1436 1114 alii
1473 1054 1619 1115 nulli
1644 1067 1953 1138 poetarum
1983 1059 2190 1139 generi
2216 1080 2359 1121 con-
2403 1107 2407 1111 -

324 1169 470 1215 σειιιι
486 1169 583 1218 est.
642 1159 887 1221 Cetera
914 1168 1193 1239 poemata
1218 1160 1439 1241 scripta
1464 1172 1601 1222 sunt
1623 1173 1689 1223 ut
1715 1163 2014 1245 legantur-3
2054 1165 2357 1227 comoediss

319 1268 488 1341 mm
502 1266 838 1348 tragoediae)
888 1276 958 1324 ut
977 1264 1307 1329 audiantur.
1392 1266 1479 1329 Ut
1507 1266 1684 1348 igitur
1710 1288 1908 1330 eorum
1949 1290 2226 1332 numeros
2263 1268 2353 1331 in·
2425 1252 2430 1259 ’

313 1367 569 1450 fflipmus,
597 1384 661 1434 et
678 1374 1019 1434 verborum
1046 1373 1255 1434 modos
1291 1372 1400 1435 rite
1427 1372 1806 1449 mutuemus,
1833 1394 1953 1437 non
1981 1388 2103 1438 tam
2130 1378 2208 1439 ad
2228 1377 2356 1438 lite-

309 1490 365 1532 m
381 1497 484 1557 (με
501 1499 563 1539 se
582 1479 780 1542 oculis
812 1479 1115 1557 ingerunt,
1144 1478 1496 1558 insitamque
1524 1500 1723 1541 earum
1743 1482 2128 1561 quantitatem
2157 1495 2353 1545 atten-

306 1581 489 1647 dendum
508 1598 612 1660 est,
648 1588 769 1671 sed
787 1584 874 1646 ad
899 1604 1076 1645 sonos
1104 1604 1251 1665 quos
1272 1586 1579 1646 efficerent
1614 1606 1751 1646 cum
1777 1589 1839 1647 in
1867 1607 1970 1650 ore
1997 1590 2202 1670 populi
2235 1589 2350 1650 fer-

302 1702 451 1768 tumr,
486 1697 825 1776 qualesque
855 1691 932 1752 ad
973 1709 1145 1751 aures
1168 1690 1548 1752 accederent.

345 1802 616 1867 Quomodo
661 1802 862 1862 verba
909 1798 1357 1879 pronuntiarent
1387 1797 1642 1861 Veteres
1679 1796 1953 1872 Romani,
1996 1817 2072 1858 ea
2108 1818 2352 1879 praeser-

298 1903 363 1966 h
378 1926 492 1988 quae
516 1909 577 1968 in
603 1904 933 1986 colloquiis
958 1916 1097 1966 sunt
1127 1904 1541 1986 frequentioris
1585 1925 1746 1980 usus,
1782 1906 1964 1988 idque
2015 1906 2085 1966 iis
2123 1917 2350 1986 tempo·-

290 2013 415 2088 ribus,
440 2036 570 2078 cum
617 2017 878 2078 floreret
919 2012 1114 2074 adhuc
1153 2014 1510 2095 respublica,
1537 2033 1654 2076 nec
1695 2012 1836 2074 dum
1878 2012 2141 2074 civilibus
2176 2013 2348 2074 armis
2441 2028 2448 2043 ’

286 2119 421 2184 fincta
441 2125 541 2185 uni
567 2124 631 2185 in
672 2119 994 2204 imperium
1031 2120 1330 2199 cessisset,
1368 2140 1548 2182 nemo
1577 2118 1823 2193 dixerit;
1849 2141 1962 2182 nec
1987 2121 2261 2202 profecto
2288 2119 2347 2179 iu

280 2226 362 2290 ulls
392 2231 582 2313 lingua
598 2212 753 2293 vera
778 2228 1201 2310 pronuntiandi
1236 2227 1389 2288 ratio
1416 2237 1584 2290 certo
1611 2226 1744 2287 sciri
1786 2232 2000 2309 potest,
2043 2227 2151 2288 nisi
2171 2230 2247 2287 ab
2276 2227 2346 2288 iis

276 2336 346 2417 qui
376 2339 496 2402 viva
517 2359 678 2403 voce
710 2338 1025 2418 loquentes
1050 2335 1345 2397 audierint
1371 2354 1495 2408 eos,
1526 2334 1738 2415 quibus
1755 2333 1959 2413 lingua
1986 2336 2063 2396 de
2085 2355 2202 2417 qua
2220 2334 2344 2415 agi-

272 2453 353 2517 tur,
373 2445 539 2509 fuerit
572 2443 929 2508 vernacula.
989 2440 1181 2504 Nobis
1205 2440 1401 2522 igitur,
1436 2461 1571 2502 cum
1599 2441 1870 2502 Romana
1893 2441 2098 2522 lingua
2119 2461 2230 2523 per
2256 2453 2345 2502 tot

114 2513 117 2600 l
260 2553 352 2626 jam
389 2556 605 2617 saecula
645 2552 713 2613 in
742 2571 853 2612 usu
881 2550 1175 2611 communi
1204 2569 1337 2611 esse
1365 2547 1620 2621 desierit,
1660 2548 1841 2628 longe
1881 2547 2112 2608 facilius
2147 2558 2240 2608 est
2265 2565 2342 2607 ex

264 2677 484 2723 'usuum
502 2660 879 2723 comicorum
905 2657 1325 2720 constitutione
1352 2670 1415 2719 et
1441 2649 1811 2719 licentiarum
1835 2675 1945 2717 usu
1960 2653 2342 2735 pronuntian-

259 2765 824 2840 dicousuetudinem,
844 2785 1021 2846 quam
1049 2785 1124 2825 ex
1137 2766 1556 2847 pronuntiandi
1581 2765 1768 2826 modo
1784 2781 2054 2826 versuum
2074 2771 2138 2821 et
2154 2761 2340 2822 licen-

256 2871 429 2935 tiarum
453 2874 725 2937 rationes
751 2873 1128 2953 investigare.
1191 2874 1334 2935 Hoc
1376 2885 1573 2934 tamen
1615 2892 1794 2934 nemo
1837 2892 1961 2932 non
2007 2868 2207 2940 sentit,
2236 2867 2341 2949 qui

254 2980 328 3040 vel
344 2981 558 3043 leviter
582 2980 844 3044 animum
870 2980 946 3041 ad
973 2979 1107 3039 hoec
1134 2979 1418 3052 advertat,
1450 2979 1511 3039 in
1550 2997 1820 3039 sermone
1841 2988 1902 3038 et
1927 2975 2221 3057 colloquio
2248 2976 2336 3034 fa-

249 3087 420 3151 miliari
439 3091 637 3151 verba
658 3088 865 3160 multa,
893 3108 967 3149 ea
984 3084 1308 3168 praesertim
1330 3105 1464 3164 quae
1488 3084 1547 3143 in
1566 3083 2041 3164 frequentissimo
2055 3090 2191 3141 sunt
2205 3099 2336 3154 usu,

248 3215 479 3278 quaeque
524 3194 745 3255 nullam
771 3194 833 3253 in
858 3213 926 3254 se
955 3192 1260 3274 emphasin
1285 3190 1529 3262 habent,
1579 3210 1691 3250 nec
1718 3189 2068 3251 sententiam
2091 3186 2338 3247 multum

244 3300 528 3380 adjuvant,
554 3300 663 3362 sed
688 3298 854 3380 quasi
880 3297 1117 3359 vincula
1151 3295 1424 3376 quaedam
1469 3293 1744 3355 orationis
1783 3291 2045 3373 partibus
2081 3291 2334 3355 invicem

242 3403 527 3466 nectendis
547 3403 891 3477 inserviunt,
913 3402 1116 3483 quales
1143 3412 1282 3462 sunt
1307 3400 1553 3473 articuli,
1576 3399 2031 3484 praepositiones,
2059 3399 2335 3478 interjec-

241 3510 438 3585 tiones,
464 3509 927 3588 *conjunctioneffi
956 3519 1018 3570 et
1044 3507 1326 3570 adverbia
1349 3526 1468 3567 non
1495 3525 1723 3588 pauca;
1752 3525 1932 3566 nemo
1957 3505 2194 3586 inquam
2217 3519 2332 3581 est,

240 3618 328 3697 qui
354 3639 470 3679 uon
497 3615 678 3678 sentit
711 3615 1051 3696 hujusmodi
1095 3614 1279 3675 verba
1312 3611 1751 3694 quodammodo
1782 3611 2133 3694 praecipitari
2160 3624 2222 3673 et
2242 3615 2333 3675 ni-

240 3725 347 3786 mia
361 3723 669 3786 celeritate
690 3722 833 3783 ferri
857 3745 875 3794 ς
904 3721 966 3782 in
983 3723 1177 3783 verbis
1199 3722 1377 3812 etiam
1402 3722 1498 3783 vel
1519 3722 1941 3803 prolixioribus,
1960 3723 2056 3785 vel
2082 3722 2330 3786 durioris

238 3831 372 3904 soni,
415 3848 668 3911 quaeque
722 3827 1007 3890 difficilius
1048 3830 1438 3910 proferuntur,
1484 3829 1684 3890 literas
1710 3828 1851 3891 alias
1879 3829 2148 3902 emolliri,
2186 3830 2331 3892 alias

238 3936 526 4019 supprimi,
555 3949 851 4015 vocesque
887 3934 1029 3995 alias
1055 3934 1116 3994 in
1141 3934 1358 4010 medio,
1393 3935 1537 3997 alias
1557 3934 1618 3995 in
1643 3934 1762 3996 fine
1799 3934 2027 4016 syllaba
2050 3935 2331 4010 truncari,

235 4060 507 4124 verasque
553 4041 909 4123 syllabarum
954 4041 1310 4121 quantitates
1357 4041 1504 4102 mire
1544 4041 1752 4122 corripi
1775 4066 1793 4114 ς
1835 4040 2031 4101 multis
2069 4039 2329 4118 denique

234 4151 413 4211 modis
458 4149 607 4212 effici
654 4160 726 4210 ut
765 4169 939 4230 quam
968 4149 1267 4210 urinimum
1307 4149 1588 4230 temporis
1631 4149 1785 4210 inter
1830 4145 2329 4208 confabulandum

232 4257 413 4319 verbis
446 4252 821 4342 proferendis
854 4253 1203 4334 'insumatur‚
1230 4254 1339 4320 nisi
1366 4256 1467 4319 ubi
1502 4253 1901 4318 vehementior
1929 4254 2222 4333 loquentis
2246 4253 2330 4314 af·
