2917 4900
432 373 649 439 *cxxii*
910 422 917 431 .
984 376 1113 439 DE
1175 377 1555 440 METRIS
1615 374 2052 481 coMICISg'

450 571 671 641 quente
712 559 1105 641 diphthongo,-
1138 571 1275 621 ante
1314 579 1583 640 pausam,
1611 561 1673 622 in
1712 562 2112 644 bisegmentis‚
2156 574 2218 623 et
2261 582 2394 624 cum
2433 564 2554 626 alia

447 687 701 747 persona
726 666 1025 729 dicentem
1053 667 1296 748 excipit.

532 773 830 855 Secundo,
851 774 907 833 in
923 773 1251 854 dissyllabis
1264 768 1612 854 quibusdam
1632 772 1886 855 priorem
1908 795 2027 836 non
2035 794 2178 849 saro
2192 776 2552 855 producunt,

447 889 513 938 ut
541 877 599 936 in
627 879 697 950 ei,
725 880 826 951 rei,
854 881 989 955 spei.
1010 899 1143 958 quae
1170 890 1310 940 tunc
1337 881 1360 938 i
1384 878 1604 961 duplici
1630 881 1802 942 scribi
1829 882 2042 943 solent.
2105 881 2347 941 Plautus
2373 881 2553 941 etiam

448 987 656 1047 eadem
682 986 917 1047 licentia
935 1006 1073 1047 usus
1100 997 1191 1047 est
1215 987 1277 1046 in
1296 996 1442 1061 taus,
1462 1008 1610 1060 suas,
1633 1007 1769 1058 eum,
1793 988 1919 1045 deus
1930 1011 1953 1055 ;
1994 1004 2114 1066 qua
2127 984 2369 1046 licentia
2389 985 2551 1044 nulla

347 1157 353 1163 .
445 1091 638 1153 minus
674 1092 846 1152 venia
884 1091 1116 1153 videtur
1157 1092 1374 1172 digna3
1413 1113 1732 1174 numquam
1758 1105 1922 1154 certe
1960 1111 2092 1153 eam
2121 1092 2387 1153 adhibuit
2428 1091 2483 1150 T
2486 1111 2553 1151 e·-

449 1198 696 1259 rentius.
2273 1178 2282 1187 ⁸

430 1304 437 1311 ’
531 1307 752 1379 Tertio,
779 1306 983 1367 finales
1012 1306 1267 1387 syllabas
1307 1308 1517 1368 breves
1552 1306 1615 1365 in
1656 1303 1858 1386 quavis
1886 1304 2030 1364 sede
2060 1312 2197 1363 ante
2236 1302 2551 1383 diphthon-

432 1446 436 1451 ·
450 1433 590 1494 gum
612 1412 966 1493 producunt,
994 1424 1059 1473 ut
1074 1416 1140 1473 id
1157 1435 1368 1486 aarum,
1397 1415 1497 1472 sed
1518 1433 1743 1491 tequam,
1767 1413 2041 1471 inaudivit
2060 1436 2081 1479 ,-
2124 1429 2237 1470 nec
2265 1429 2381 1469 non
2409 1420 2546 1469 ante

431 1519 716 1579 ‘vocalem
744 1519 1004 1599 quamvis
1029 1518 1090 1578 in
1111 1519 1507 1600 bisegmentis,
1538 1530 1599 1579 et
1626 1518 1683 1578 vi
1713 1537 1987 1586 caesuroe;
2028 1515 2090 1575 id
2116 1515 2278 1595 quod
2305 1514 2556 1574 Plautus

447 1648 608 1708 saepe
636 1626 782 1687 fecit
816 1627 876 1686 in
904 1627 1141 1687 vocibus
1170 1626 1499 1707 dactylicis,
1535 1645 1667 1685 cum
1696 1624 1756 1683 in
1784 1623 1973 1683 vocali
2011 1631 2235 1682 exeunt
2261 1631 2552 1700 sequente

428 1742 738 1803 'consona;
778 1733 887 1793 sed
913 1744 975 1793 et
1000 1732 1267 1792 vocalem
1302 1732 1542 1792 brevem
1581 1741 1864 1810 sequente
1893 1728 2071 1789 etiam
2109 1726 2299 1787 vocali
2338 1727 2552 1807 saepius

442 1840 725 1920 produxit
748 1840 807 1898 in
834 1837 1235 1918 bisegmentiS.

530 1949 777 2017 Quarto,
796 1966 857 2003 re
881 1945 943 2002 in
973 1941 1306 2021 compositis
1342 1942 1556 2021 saepius
1580 1941 1933 2021 producunt,
1959 1958 2280 2001 consonam
2306 1959 2439 2019 quoe
2463 1958 2556 1999 se·

446 2051 644 2131 quitur
672 2048 1046 2128 geminando,
1072 2058 1138 2106 ut
1164 2046 1225 2105 in
1252 2047 1440 2119 redux,
1468 2049 1683 2120 reduco,
1712 2050 1922 2109 retulit.
2597 2125 2604 2130 .

426 2160 435 2169 '
527 2156 768 2227 Quinto,
795 2155 854 2212 in
886 2151 1265 2233 polysyllabis
1289 2172 1447 2232 saepe
1474 2154 1806 2233 producunt
1834 2153 2374 2234 antepenultimam,
2407 2172 2553 2212 con-

446 2274 539 2323 tra
560 2261 850 2342 prosodiae
877 2261 1064 2339 legeS‚
1092 2259 1141 2319 si
1176 2260 1236 2318 in
1280 2279 1408 2319 eam
1453 2260 1629 2321 cadat
1673 2270 1972 2331 accentus,
2002 2270 2067 2319 ut
2102 2259 2162 2319 in
2199 2260 2552 2330 conventitia,

422 2368 851 2439 ‘conductitium
882 2368 1236 2447 projectitioe,
1268 2368 1562 2439 emis-siliis,
1606 2378 1665 2427 et
1709 2368 1833 2428 aliis
1874 2367 1934 2426 in
1975 2369 2092 2426 itiis
2125 2366 2550 2429 desinentibus.

447 2476 554 2535 sed
590 2475 833 2535 Plautus
860 2474 972 2534 hac
995 2473 1233 2534 licentia
1259 2483 1397 2533 usus
1426 2483 1516 2533 est
1542 2474 1718 2533 etiam
1744 2474 1805 2533 in
1835 2472 2179 2554 dissyllabiS,
2208 2492 2342 2532 cum
2369 2472 2553 2531 encli-

443 2582 579 2643 ticae
620 2565 955 2662 adjectione
993 2592 1276 2642 accentus
1303 2590 1592 2652 movetur,
1625 2582 1886 2657 AEraqae,
1917 2580 2207 2658 Laetaque,
2249 2579 2311 2638 in
2337 2579 2553 2658 quibus

444 2690 539 2750 vel
581 2689 867 2749 secundas
899 2688 1191 2768 produxit,
1228 2687 1322 2746 vel
1365 2708 1468 2764 que
1509 2687 1569 2744 in
1612 2686 1755 2746 duas
1799 2686 2054 2766 syllabas
2098 2684 2354 2745 resolvit.
2386 2684 2548 2744 idem

426 2781 621 2857 ¹etiam
662 2795 723 2854 in
761 2777 1002 2856 vocibus
1028 2793 1321 2874 quaternis
1358 2804 1461 2852 aut
1491 2793 1679 2872 quinis
1716 2792 1957 2875 syllabis
1988 2791 2393 2852 constantibus
2428 2789 2552 2870 pri-

444 2923 618 2976 mam,
639 2905 878 2966 brevem
896 2903 1059 2976 licet,
1088 2901 1220 2983 plus
1239 2902 1418 2989 semel
1447 2899 1746 2980 produxit,
1768 2909 1834 2959 ut
1858 2899 1920 2958 in
1938 2906 2267 2972 mnarentur,
2290 2900 2552 2958 amatori-

442 3011 557 3085 aas,
585 3011 867 3070 amatorie.
1012 2983 1030 3001 ο

424 3105 437 3112 ’
536 3116 743 3188 Sext0‚
763 3116 787 3174 i
811 3126 873 3176 et
900 3137 936 3174 u
955 3117 1163 3177 breves
1185 3116 1246 3176 in
1273 3116 1472 3196 primis
1499 3126 1600 3175 aut
1622 3113 1827 3175 mediis
1853 3112 2090 3194 syllabis
2118 3122 2256 3172 ante
2283 3111 2551 3173 vocalem

444 3227 803 3309 producunt,
832 3232 899 3283 ut
923 3222 984 3281 in
1002 3222 1374 3302 sedasse-rit,
1397 3225 1635 3300 plaerat,
1669 3222 1944 3295 audierat,
1972 3221 2237 3280 habaet-ia

531 3331 813 3411 Septimo,
858 3348 1036 3388 unam
1077 3328 1358 3409 syllabam
1396 3328 1454 3387 in
1500 3329 1644 3387 duas
1681 3327 1999 3397 resolvunt,
2048 3325 2141 3385 vel
2186 3324 2550 3386 resolutione

449 3435 817 3515 diphthongi,
839 3435 991 3494 utin
1020 3435 1259 3512 hospitoe,
1282 3434 1490 3507 Cliniae,
1519 3454 1689 3511 aquae,
1719 3432 1811 3492 vel
1839 3434 1861 3491 i
1888 3444 1948 3492 et
1978 3454 2014 3490 u
2042 3452 2333 3492 consonas
2361 3432 2421 3492 in
2446 3453 2552 3491 vo·

446 3539 604 3602 cales
631 3540 936 3611 mutando,
966 3551 1033 3599 ut
1067 3540 1126 3598 in
1154 3542 1280 3613 iam,
1311 3540 1473 3620 quod
1501 3558 1660 3619 saepe
1688 3539 1756 3598 fit
1788 3539 2190 3619 dissyllabum,
2222 3542 2405 3611 larvoe,
2436 3541 2549 3598 Iar·-

443 3656 623 3717 vatuS,
652 3647 867 3717 milwe-5,
894 3650 1004 3705 διο.
1047 3665 1180 3724 quoe
1207 3645 1454 3705 mutatio
1492 3666 1614 3706 non
1653 3647 1819 3719 dura,
1859 3657 1967 3706 aut
2003 3656 2210 3706 coacta
2232 3646 2548 3720 videbitur,

442 3753 490 3814 si
520 3773 651 3834 quse
679 3753 836 3833 prius
866 3753 983 3812 dixi
1007 3753 1083 3812 de
1104 3753 1367 3832 legitima
1390 3753 1590 3814 literas
1616 3754 1744 3826 has,
1772 3772 1910 3813 cum
1938 3770 2212 3811 consonae
2233 3763 2389 3822 sunt,
2411 3770 2550 3831 pro-

442 3858 753 3920 nuntiandi
793 3858 1038 3929 ratione,
1084 3859 1144 3917 in
1185 3858 1435 3917 animum
1481 3878 1839 3919 revocemus.
1889 3866 1949 3919 et
1981 3857 2097 3917 hac
2130 3855 2282 3917 forte
2309 3857 2551 3918 licentia

443 3967 574 4047 quid
596 3976 657 4025 et
687 3986 788 4044 que
807 3964 1099 4023 interdum
1131 3963 1342 4028 Plauto
1369 3963 1662 4042 producta
1687 3973 1841 4025 sunt.

527 4072 781 4141 Octavo,
810 4071 844 4128 Ιι
872 4088 1144 4129 consonae
1179 4087 1337 4147 saepe
1358 4067 1474 4125 vim
1510 4068 1709 4141 habet,
1730 4079 1798 4129 ut
1823 4069 2105 4151 syllabam
2124 4070 2365 4130 brevem
2390 4068 2554 4149 posi-

420 4178 605 4240 ·tione
629 4179 864 4258 longam
894 4176 1126 4246 reddat,
1154 4174 1248 4234 vel
1278 4185 1344 4233 ut
1369 4173 1590 4235 vocalis
1615 4175 1803 4235 finalis
1830 4196 1963 4256 quse
2000 4185 2404 4255 praecesserat,
2429 4194 2555 4236 non

445 4286 716 4350 elidatur.
801 4284 939 4346 Hoc
963 4284 1174 4345 Plauto
1202 4291 1569 4364 perpetuum.
1599 4281 1705 4347 sed
1734 4282 2044 4347 Terentius
2066 4281 2430 4365 parcissime.
