2917 4900
864 385 1003 451 DE
1062 386 1451 455 'METRIS
1520 388 2450 459 00M1018.cix*

342 568 790 645 qfidiuudest?
828 569 1275 636 And.1.v.2.
1344 572 1498 635 Esse
1534 574 1790 658 denique
1836 596 1973 657 quoe
2012 581 2450 659 metrumjam·

342 673 554 842 ὀίεαι
550 675 839 753 hyper-cac
876 677 1261 753 comtituunt,
1320 691 1391 741 ut
1438 680 1537 740 die'
1537 683 1982 753 crucior-animi5
2032 682 2288 766 Adelph.
2328 685 2446 748 lv.

412 882 530 943 Est
555 885 835 965 quidem
815 908 881 948 in
902 889 1157 969 vulgatis
1182 891 1355 952 editt.
1382 893 1726 975 exemplum
1749 896 1929 957 etiam
1957 896 2264 958 commatis
2283 900 2444 976 jaon·

334 990 442 1049 &ci
482 992 703 1051 diametri
756 995 1207 1071 bracltycatalecti
1224 1019 1246 1056 .·
1290 997 1532 1061 ΡΙιοι-ιῐι.
1575 999 1630 1060 1.
1658 1001 1776 1065 IV.
1808 1005 1905 1063 18.
1970 1002 2290 1062 Homi'nem.
2318 1002 2440 1063 Ast.

336 1093 487 1154 Sta·
505 1097 671 1157 illico.
738 1098 871 1159 Gn.
892 1102 1056 1161 Hem.
1122 1099 1242 1163 Sed
1287 1103 1554 1164 homnem
1598 1106 1680 1167 ad
1723 1125 1958 1168 versum
2003 1109 2443 1188 praecedentem

335 1200 723 1279 rejiciendum
751 1222 903 1278 esse,
932 1206 1012 1267 ad
1034 1206 1229 1267 locum
1248 1207 1369 1268 dixi
1387 1230 1406 1269 t
1434 1229 1556 1271 nec
1567 1212 1700 1292 plus
1727 1232 1846 1274 uno
1871 1214 2043 1291 hujus
2065 1214 2295 1294 generis
2316 1234 2440 1275 me-

332 1307 472 1368 mini
492 1310 660 1389 apud
688 1309 982 1374 Plautum.
1024 1312 1189 1376 Pers.
1219 1314 1332 1377 IV.
1355 1316 1472 1380 lv.
1509 1323 1645 1380 116.

1046 1487 1154 1536 Ab¹¹
1176 1495 1401 1552 argentm
1417 1514 1438 1526 ·
1462 1491 1578 1539 effer
1597 1493 1704 1540 buc.

408 1642 472 1703 H
478 1642 526 1702 is
569 1641 769 1722 paucis
817 1641 1043 1723 absolvi
1067 1642 1347 1723 quicquid
1392 1644 1547 1704 scire
1590 1660 1739 1726 opus
1767 1657 1860 1707 est
1886 1647 1965 1707 ad
1989 1647 2436 1728 intelligendum

328 1751 525 1811 omnia
568 1750 673 1810 illa
715 1750 1039 1811 carminum
1079 1769 1314 1830 genera,
1355 1770 1492 1832 quoe
1533 1770 1572 1813 a
1598 1753 1825 1813 trockoeo
1851 1753 1942 1812 vel
1966 1755 2164 1831 jambo
2217 1774 2436 1815 nomen

316 1877 499 1917 suum
538 1855 899 1928 sortiuntur;
927 1866 1212 1936 quatenus
1246 1855 1322 1917 ad
1348 1866 1666 1918 metrorum
1693 1856 2186 1918 Terentianorum
2210 1858 2424 1919 intelli-

324 1962 589 2043 gentiam
634 1982 839 2022 eorum
884 1962 1147 2042 cognitio
1194 1963 1529 2023 necessaria
1554 1974 1668 2025 est.
1729 1963 1831 2025 De
1871 1963 1961 2025 his
1982 1976 2179 2025 autem
2207 1964 2434 2046 duplex

323 2067 578 2149 quoestio
597 2067 819 2128 moveri
838 2078 1069 2148 potest3
1096 2068 1302 2144 altera,
1327 2069 1707 2149 quamobrem
1733 2079 1954 2131 tantam
1982 2069 2305 2131 carminum
2331 2088 2434 2131 va·

320 2172 597 2233 rietatem
623 2173 962 2233 adhibuerit
986 2173 1321 2247 Terentius,
1353 2185 1416 2234 et
1459 2194 1580 2235 non
1606 2175 1798 2256 potius
1835 2176 1988 2236 intra
2014 2178 2288 2236 trimetros
2313 2184 2434 2236 ste·

320 2279 480 2351 terit,
524 2279 691 2360 quod
714 2279 901 2340 voluit
928 2280 1343 2346 Quintilianus.
1405 2280 1650 2341 Consilii
1693 2281 1868 2360 hujus
1896 2280 2181 2342 rationem
2207 2280 2372 2341 multi
2393 2300 2431 2340 e

318 2387 499 2447 rebus
525 2386 665 2467 ipsis
704 2386 1024 2468 petendam
1052 2387 1425 2461 arbitrantur,
1476 2398 1538 2447 et
1574 2385 1918 2448 Terentium
1957 2386 2129 2448 variis
2158 2406 2432 2449 versuum

314 2493 639 2574 generibus
661 2513 829 2554 usum
856 2494 1058 2569 fuisse,
1085 2491 1152 2555 ut
1179 2494 1264 2557 rei
1293 2494 1369 2554 de
1396 2513 1517 2576 qua
1542 2495 1738 2575 agitur
1760 2505 2029 2556 naturam
2054 2513 2432 2555 numerorum

321 2598 722 2660 concinnitate
745 2610 1145 2682 spectatorum
1182 2599 1365 2661 oculis
1391 2600 1602 2660 melius
1628 2602 1961 2679 subJ‘iceret.
1987 2601 2097 2662 sed
2131 2620 2337 2661 vereor
2359 2612 2431 2661 ut

318 2708 439 2769 hoc
466 2727 815 2789 responsum
840 2706 979 2768 satis
1005 2707 1237 2767 firmum
1254 2705 1350 2778 sit,
1376 2724 1514 2766 cum
1529 2706 1796 2767 locorum
1809 2706 2176 2786 inspectione
2198 2717 2434 2769 constet

316 2816 383 2875 in
411 2815 751 2876 fabularum
775 2815 1035 2895 partibus
1061 2814 1319 2876 maxime
1346 2814 1498 2874 inter
1521 2831 1588 2872 se
1616 2810 2088 2874 dissentientibus
2114 2810 2272 2872 idem
2299 2831 2426 2872 car·

311 2920 487 2981 minis
512 2939 703 3001 genus
732 2919 1083 2999 adhibitum,
1114 2919 1174 2979 in
1203 2918 1499 2981 continuis
1526 2928 1724 2994 autem
1751 2916 2000 2997 negotiis
2027 2916 2275 2978 diversa.
2318 2917 2428 2978 Est

313 3027 555 3110 quidem
584 3027 685 3087 ubi
704 3026 936 3087 numeri
960 3026 1133 3087 rebus
1153 3026 1297 3087 mire
1325 3025 1684 3087 conveniunt
1705 3049 1722 3096 3
1760 3044 2001 3086 causam
2026 3035 2226 3085 tamen
2245 3033 2427 3084 tantoe

314 3131 618 3195 varietatis
647 3132 854 3214 opinor
880 3132 1034 3193 hanc
1061 3131 1294 3193 unicam
1322 3133 1524 3204 fuisse,
1562 3140 1631 3191 ut
1657 3150 1731 3192 eo
1765 3129 1951 3209 magis
1982 3139 2160 3210 poeta
2195 3137 2426 3208 speeta-

313 3252 514 3300 torum
541 3239 766 3299 animos
791 3238 1067 3299 reficeret
1093 3249 1155 3299 et
1182 3238 1421 3299 toedium
1446 3238 1707 3308 levaret3
1754 3256 1887 3297 cum
1926 3235 2069 3315 ipsae
2095 3233 2276 3295 etiam
2296 3251 2423 3294 ora-

312 3346 490 3406 tionis
541 3344 790 3405 virtutes
844 3343 1139 3405 fastidium
1175 3344 1420 3425 pariant,
1480 3342 1591 3404 nisi
1626 3342 1816 3422 gratia
1847 3339 2148 3401 varietatis
2187 3339 2432 3417 adjutae.

313 3450 605 3511 Gaudent
631 3449 788 3511 enim
808 3469 1011 3511 omnes
1030 3450 1333 3524 varietate,
1360 3459 1423 3510 et
1440 3449 1594 3510 sicut
1617 3447 1775 3509 oculi
1814 3447 2173 3508 diversarum
2218 3466 2425 3528 aspec-

308 3569 383 3618 tu
406 3575 605 3618 rerum
628 3555 817 3637 magis
845 3555 1199 3640 detinentur,
1252 3557 1338 3616 ita
1374 3575 1548 3617 aures
1589 3554 1806 3616 crebris
1832 3573 2212 3617 numerorum
2239 3565 2424 3635 atque

312 3663 469 3725 adeo
495 3682 773 3724 versuum
798 3662 1219 3724 mutationibus
1245 3663 1636 3723 oblectantur.
1677 3661 1860 3729 Quod
1879 3679 2016 3722 cum
2034 3660 2218 3742 ipsius
2237 3660 2425 3728 Quin-

309 3771 497 3832 tiliani
529 3768 820 3848 judicium
846 3770 943 3842 sit,
967 3769 1146 3830 miror
1168 3768 1418 3830 voluisse
1447 3767 1907 3847 elegantissimas
1952 3766 2213 3840 Terentii
2254 3765 2426 3827 fabu-

312 3876 402 3936 las
426 3876 568 3936 solis
609 3876 876 3935 trimetris
902 3874 1163 3954 astringi,
1210 3893 1346 3935 cum
1373 3884 1437 3934 et
1476 3875 1590 3958 alia
1616 3894 1837 3955 genera
1861 3872 1980 3935 sint
2001 3872 2422 3946 venustissima,

312 3993 379 4043 et
402 3983 527 4044 sine
554 3981 673 4041 illis
701 3979 1027 4061 gratissima
1051 3999 1429 4042 numerorum
1468 3981 1720 4042 varietas
1748 3981 1933 4042 omnis
1972 3980 2100 4041 fere
2126 3979 2422 4060 periisset.

308 4088 473 4149 Hinc
492 4099 587 4149 est
605 4085 768 4167 quod
792 4086 853 4145 in
874 4086 1083 4147 scoenis
1104 4107 1238 4167 quae
1259 4107 1338 4148 ex
1368 4090 1704 4147 tetrmneeris
1725 4086 1862 4147 solis
1890 4096 2179 4156 constant,
2209 4082 2424 4163 saepius

310 4194 391 4254 de
418 4191 537 4253 alio
578 4209 805 4272 genere
852 4190 930 4251 ed
972 4190 1129 4251 aliud
1152 4191 1464 4264 transitum
1502 4192 1609 4255 sed
1645 4193 1760 4254 hoc
1800 4202 1972 4254 tanto
2014 4191 2161 4251 fecit
2189 4188 2424 4269 judicio

308 4298 649 4371 Terentius,
675 4308 742 4359 ut
767 4298 828 4363 in
852 4297 993 4379 ipsis
1021 4315 1256 4380 quoque
1282 4300 1714 4368 narrationibus
1751 4298 1829 4362 ad
1856 4298 2031 4361 aliam
2065 4316 2189 4360 rem
2214 4296 2424 4358 transi-

396 4409 537 4456 ναι..
563 4409 641 4453 11.
1311 4410 1352 4453 o
1395 4395 1434 4436 ’ὓ
