<?xml version="1.0" encoding="UTF-8"?>
<!DOCTYPE html PUBLIC "-//W3C//DTD XHTML 1.0 Transitional//EN"
    "http://www.w3.org/TR/xhtml1/DTD/xhtml1-transitional.dtd">
<html xmlns="http://www.w3.org/1999/xhtml" xml:lang="en" lang="en">
 <head>
  <title>
</title>
<meta http-equiv="Content-Type" content="text/html;charset=utf-8" />
  <meta name='ocr-system' content='tesseract 3.04.00' />
  <meta name='ocr-capabilities' content='ocr_page ocr_carea ocr_par ocr_line ocrx_word'/>
</head>
<body>
  <div class='ocr_page' id='page_1' title='image "./pterentiicartha01unkngoog_0025.png"; bbox 0 0 2917 4900; ppageno 0'>
   <div class='ocr_carea' id='block_1_1' title="bbox 954 394 2465 459">
    <p class='ocr_par' dir='ltr' id='par_1_1' title="bbox 954 394 2465 459">
     <span class='ocr_line' id='line_1_1' title="bbox 954 394 2465 459; baseline -0.001 0"><span class='ocrx_word' id='word_1_1' title='bbox 954 395 1209 459; x_wconf 73' lang='lat' dir='ltr'><strong>mvn</strong></span> <span class='ocrx_word' id='word_1_2' title='bbox 1283 394 1923 459; x_wconf 73' lang='lat' dir='ltr'><strong>cAsTlGATIO.</strong></span> <span class='ocrx_word' id='word_1_3' title='bbox 2325 399 2465 457; x_wconf 62' lang='lat' dir='ltr'><strong>xix*</strong></span> 
     </span>
    </p>
   </div>
   <div class='ocr_carea' id='block_1_2' title="bbox 366 577 2477 4352">
    <p class='ocr_par' dir='ltr' id='par_1_2' title="bbox 366 577 2477 4352">
     <span class='ocr_line' id='line_1_2' title="bbox 370 577 2468 662; baseline 0.001 -22"><span class='ocrx_word' id='word_1_4' title='bbox 370 590 466 640; x_wconf 87' lang='lat' dir='ltr'><strong>tur</strong></span> <span class='ocrx_word' id='word_1_5' title='bbox 500 595 873 660; x_wconf 79' lang='lat' dir='ltr'><strong>personarum</strong></span> <span class='ocrx_word' id='word_1_6' title='bbox 913 577 1363 641; x_wconf 80' lang='lat' dir='ltr'><strong>sermocinatio:</strong></span> <span class='ocrx_word' id='word_1_7' title='bbox 1420 583 1590 657; x_wconf 73' lang='lat' dir='ltr'><strong>cuius</strong></span> <span class='ocrx_word' id='word_1_8' title='bbox 1633 579 1762 662; x_wconf 74' lang='lat' dir='ltr'><strong>ipse</strong></span> <span class='ocrx_word' id='word_1_9' title='bbox 1809 579 2145 642; x_wconf 68' lang='lat' dir='ltr'><strong>Priscianus</strong></span> <span class='ocrx_word' id='word_1_10' title='bbox 2188 580 2468 653; x_wconf 75' lang='lat' dir='ltr'><strong>meminit,</strong></span> 
     </span>
     <span class='ocr_line' id='line_1_3' title="bbox 371 683 2467 766; baseline 0 -21"><span class='ocrx_word' id='word_1_11' title='bbox 371 685 531 766; x_wconf 82' lang='lat' dir='ltr'><strong>apud</strong></span> <span class='ocrx_word' id='word_1_12' title='bbox 555 703 731 765; x_wconf 85' lang='lat' dir='ltr'><strong>quem</strong></span> <span class='ocrx_word' id='word_1_13' title='bbox 750 683 1084 746; x_wconf 70' lang='lat' dir='ltr'>Victorinus</span> <span class='ocrx_word' id='word_1_14' title='bbox 1111 704 1233 746; x_wconf 91' lang='lat' dir='ltr'><strong>non</strong></span> <span class='ocrx_word' id='word_1_15' title='bbox 1256 684 1448 746; x_wconf 88' lang='lat' dir='ltr'><strong>minus</strong></span> <span class='ocrx_word' id='word_1_16' title='bbox 1474 686 1682 760; x_wconf 86' lang='lat' dir='ltr'><strong>libere,</strong></span> <span class='ocrx_word' id='word_1_17' title='bbox 1711 705 1890 765; x_wconf 86' lang='lat' dir='ltr'><strong>quam</strong></span> <span class='ocrx_word' id='word_1_18' title='bbox 1914 705 2054 747; x_wconf 83' lang='lat' dir='ltr'><strong>vero</strong></span> <span class='ocrx_word' id='word_1_19' title='bbox 2075 684 2178 758; x_wconf 88' lang='lat' dir='ltr'><strong>ait,</strong></span> <span class='ocrx_word' id='word_1_20' title='bbox 2207 686 2467 759; x_wconf 79' lang='lat' dir='ltr'><strong>comicis,</strong></span> 
     </span>
     <span class='ocr_line' id='line_1_4' title="bbox 370 789 2467 869; baseline 0.002 -19"><span class='ocrx_word' id='word_1_21' title='bbox 370 789 505 850; x_wconf 88' lang='lat' dir='ltr'><strong>dum</strong></span> <span class='ocrx_word' id='word_1_22' title='bbox 524 790 929 869; x_wconf 85' lang='lat' dir='ltr'><strong>quotidianum</strong></span> <span class='ocrx_word' id='word_1_23' title='bbox 946 809 1275 851; x_wconf 81' lang='lat' dir='ltr'><strong>sermonem</strong></span> <span class='ocrx_word' id='word_1_24' title='bbox 1292 791 1502 853; x_wconf 83' lang='lat' dir='ltr'><strong>imitari</strong></span> <span class='ocrx_word' id='word_1_25' title='bbox 1522 791 1809 864; x_wconf 88' lang='lat' dir='ltr'><strong>nituntur,</strong></span> <span class='ocrx_word' id='word_1_26' title='bbox 1827 801 2016 852; x_wconf 84' lang='lat' dir='ltr'><strong>metra</strong></span> <span class='ocrx_word' id='word_1_27' title='bbox 2028 791 2231 852; x_wconf 83' lang='lat' dir='ltr'><strong>vitiare</strong></span> <span class='ocrx_word' id='word_1_28' title='bbox 2249 792 2467 866; x_wconf 85' lang='lat' dir='ltr'><strong>studio,</strong></span> 
     </span>
     <span class='ocr_line' id='line_1_5' title="bbox 369 895 2471 977; baseline 0 -20"><span class='ocrx_word' id='word_1_29' title='bbox 369 914 485 957; x_wconf 84' lang='lat' dir='ltr'><strong>non</strong></span> <span class='ocrx_word' id='word_1_30' title='bbox 511 895 803 977; x_wconf 83' lang='lat' dir='ltr'><strong>imperitia</strong></span> <span class='ocrx_word' id='word_1_31' title='bbox 825 896 983 977; x_wconf 87' lang='lat' dir='ltr'><strong>quod</strong></span> <span class='ocrx_word' id='word_1_32' title='bbox 1005 909 1070 958; x_wconf 84' lang='lat' dir='ltr'><strong>et</strong></span> <span class='ocrx_word' id='word_1_33' title='bbox 1096 898 1763 959; x_wconf 73' lang='lat' dir='ltr'><strong>Terentianus‘testatur</strong></span> <span class='ocrx_word' id='word_1_34' title='bbox 1785 896 1947 958; x_wconf 89' lang='lat' dir='ltr'><strong>hisce</strong></span> <span class='ocrx_word' id='word_1_35' title='bbox 1976 896 2257 968; x_wconf 79' lang='lat' dir='ltr'><strong>versibus,</strong></span> <span class='ocrx_word' id='word_1_36' title='bbox 2264 898 2471 973; x_wconf 80' lang='lat' dir='ltr'><strong>fidem·</strong></span> 
     </span>
     <span class='ocr_line' id='line_1_6' title="bbox 373 1002 2470 1083; baseline 0.002 -23"><span class='ocrx_word' id='word_1_37' title='bbox 373 1002 653 1079; x_wconf 58' lang='lat' dir='ltr'><strong>quegfictis</strong></span> <span class='ocrx_word' id='word_1_38' title='bbox 682 1003 807 1062; x_wconf 76' lang='lat' dir='ltr'><strong>dum</strong></span> <span class='ocrx_word' id='word_1_39' title='bbox 838 1013 1136 1080; x_wconf 76' lang='lat' dir='ltr'><strong>procurant</strong></span> <span class='ocrx_word' id='word_1_40' title='bbox 1154 1004 1399 1083; x_wconf 74' lang='lat' dir='ltr'><strong>fabulis,</strong></span> <span class='ocrx_word' id='word_1_41' title='bbox 1430 1005 1508 1064; x_wconf 83' lang='lat' dir='ltr'><strong>In</strong></span> <span class='ocrx_word' id='word_1_42' title='bbox 1530 1013 1702 1066; x_wconf 80' lang='lat' dir='ltr'><strong>metro</strong></span> <span class='ocrx_word' id='word_1_43' title='bbox 1735 1014 1962 1082; x_wconf 74' lang='lat' dir='ltr'><strong>peccant</strong></span> <span class='ocrx_word' id='word_1_44' title='bbox 2001 1013 2140 1077; x_wconf 72' lang='lat' dir='ltr'><strong>crte,</strong></span> <span class='ocrx_word' id='word_1_45' title='bbox 2169 1025 2275 1064; x_wconf 74' lang='lat' dir='ltr'><strong>non</strong></span> <span class='ocrx_word' id='word_1_46' title='bbox 2308 1004 2470 1065; x_wconf 73' lang='lat' dir='ltr'><strong>imei-</strong></span> 
     </span>
     <span class='ocr_line' id='line_1_7' title="bbox 376 1105 2473 1188; baseline 0.003 -23"><span class='ocrx_word' id='word_1_47' title='bbox 376 1107 474 1167; x_wconf 78' lang='lat' dir='ltr'><strong>tia.</strong></span> <span class='ocrx_word' id='word_1_48' title='bbox 532 1105 729 1168; x_wconf 84' lang='lat' dir='ltr'><strong>Tanta</strong></span> <span class='ocrx_word' id='word_1_49' title='bbox 753 1119 948 1169; x_wconf 89' lang='lat' dir='ltr'><strong>autem</strong></span> <span class='ocrx_word' id='word_1_50' title='bbox 969 1108 1214 1171; x_wconf 84' lang='lat' dir='ltr'><strong>affinitas</strong></span> <span class='ocrx_word' id='word_1_51' title='bbox 1235 1122 1327 1172; x_wconf 88' lang='lat' dir='ltr'><strong>est</strong></span> <span class='ocrx_word' id='word_1_52' title='bbox 1350 1110 1414 1170; x_wconf 93' lang='lat' dir='ltr'><strong>in</strong></span> <span class='ocrx_word' id='word_1_53' title='bbox 1439 1111 1773 1173; x_wconf 85' lang='lat' dir='ltr'><strong>trochaicos</strong></span> <span class='ocrx_word' id='word_1_54' title='bbox 1798 1122 1861 1172; x_wconf 87' lang='lat' dir='ltr'><strong>et</strong></span> <span class='ocrx_word' id='word_1_55' title='bbox 1878 1111 2169 1188; x_wconf 77' lang='lat' dir='ltr'><strong>jambIcos</strong></span> <span class='ocrx_word' id='word_1_56' title='bbox 2195 1120 2473 1171; x_wconf 81' lang='lat' dir='ltr'><strong>tetrame-</strong></span> 
     </span>
     <span class='ocr_line' id='line_1_8' title="bbox 374 1210 2472 1296; baseline 0.004 -27"><span class='ocrx_word' id='word_1_57' title='bbox 374 1220 510 1282; x_wconf 87' lang='lat' dir='ltr'><strong>tros,</strong></span> <span class='ocrx_word' id='word_1_58' title='bbox 537 1210 639 1270; x_wconf 82' lang='lat' dir='ltr'><strong>vix</strong></span> <span class='ocrx_word' id='word_1_59' title='bbox 665 1222 735 1271; x_wconf 90' lang='lat' dir='ltr'><strong>ut</strong></span> <span class='ocrx_word' id='word_1_60' title='bbox 761 1212 1095 1275; x_wconf 86' lang='lat' dir='ltr'><strong>discernere</strong></span> <span class='ocrx_word' id='word_1_61' title='bbox 1117 1214 1409 1275; x_wconf 85' lang='lat' dir='ltr'><strong>interdum</strong></span> <span class='ocrx_word' id='word_1_62' title='bbox 1435 1214 1659 1296; x_wconf 73' lang='lat' dir='ltr'><strong>possisz</strong></span> <span class='ocrx_word' id='word_1_63' title='bbox 1695 1215 1849 1276; x_wconf 90' lang='lat' dir='ltr'><strong>unde</strong></span> <span class='ocrx_word' id='word_1_64' title='bbox 1870 1215 2140 1276; x_wconf 81' lang='lat' dir='ltr'><strong>nimirum</strong></span> <span class='ocrx_word' id='word_1_65' title='bbox 2160 1215 2228 1275; x_wconf 86' lang='lat' dir='ltr'><strong>fit</strong></span> <span class='ocrx_word' id='word_1_66' title='bbox 2248 1215 2472 1296; x_wconf 85' lang='lat' dir='ltr'><strong>aliquo-</strong></span> 
     </span>
     <span class='ocr_line' id='line_1_9' title="bbox 372 1315 2470 1399; baseline 0.003 -24"><span class='ocrx_word' id='word_1_67' title='bbox 372 1315 501 1389; x_wconf 85' lang='lat' dir='ltr'><strong>ties,</strong></span> <span class='ocrx_word' id='word_1_68' title='bbox 518 1328 586 1376; x_wconf 90' lang='lat' dir='ltr'><strong>ut</strong></span> <span class='ocrx_word' id='word_1_69' title='bbox 600 1335 745 1396; x_wconf 85' lang='lat' dir='ltr'><strong>quos</strong></span> <span class='ocrx_word' id='word_1_70' title='bbox 763 1317 917 1379; x_wconf 82' lang='lat' dir='ltr'><strong>forte</strong></span> <span class='ocrx_word' id='word_1_71' title='bbox 944 1319 1151 1399; x_wconf 86' lang='lat' dir='ltr'><strong>aliquis</strong></span> <span class='ocrx_word' id='word_1_72' title='bbox 1166 1319 1455 1395; x_wconf 85' lang='lat' dir='ltr'><strong>jambicos</strong></span> <span class='ocrx_word' id='word_1_73' title='bbox 1476 1338 1607 1381; x_wconf 89' lang='lat' dir='ltr'><strong>esse</strong></span> <span class='ocrx_word' id='word_1_74' title='bbox 1629 1319 1967 1391; x_wconf 80' lang='lat' dir='ltr'>crediderit,</span> <span class='ocrx_word' id='word_1_75' title='bbox 1987 1320 2162 1381; x_wconf 87' lang='lat' dir='ltr'><strong>iidem</strong></span> <span class='ocrx_word' id='word_1_76' title='bbox 2190 1322 2470 1383; x_wconf 82' lang='lat' dir='ltr'><strong>trochaici</strong></span> 
     </span>
     <span class='ocr_line' id='line_1_10' title="bbox 371 1420 2471 1506; baseline 0.003 -27"><span class='ocrx_word' id='word_1_77' title='bbox 371 1420 562 1481; x_wconf 82' lang='lat' dir='ltr'><strong>verius</strong></span> <span class='ocrx_word' id='word_1_78' title='bbox 580 1422 806 1481; x_wconf 85' lang='lat' dir='ltr'><strong>censeri</strong></span> <span class='ocrx_word' id='word_1_79' title='bbox 819 1433 1055 1501; x_wconf 78' lang='lat' dir='ltr'><strong>queant.</strong></span> <span class='ocrx_word' id='word_1_80' title='bbox 1090 1424 1274 1500; x_wconf 88' lang='lat' dir='ltr'><strong>Cujus</strong></span> <span class='ocrx_word' id='word_1_81' title='bbox 1291 1424 1377 1484; x_wconf 89' lang='lat' dir='ltr'><strong>rei</strong></span> <span class='ocrx_word' id='word_1_82' title='bbox 1394 1445 1532 1484; x_wconf 89' lang='lat' dir='ltr'><strong>cum</strong></span> <span class='ocrx_word' id='word_1_83' title='bbox 1547 1424 1662 1485; x_wconf 85' lang='lat' dir='ltr'><strong>alia</strong></span> <span class='ocrx_word' id='word_1_84' title='bbox 1679 1424 1865 1484; x_wconf 86' lang='lat' dir='ltr'><strong>multa</strong></span> <span class='ocrx_word' id='word_1_85' title='bbox 1878 1426 2152 1506; x_wconf 86' lang='lat' dir='ltr'><strong>exempla</strong></span> <span class='ocrx_word' id='word_1_86' title='bbox 2170 1438 2327 1498; x_wconf 88' lang='lat' dir='ltr'><strong>sunt,</strong></span> <span class='ocrx_word' id='word_1_87' title='bbox 2344 1438 2471 1487; x_wconf 87' lang='lat' dir='ltr'><strong>tum</strong></span> 
     </span>
     <span class='ocr_line' id='line_1_11' title="bbox 375 1526 2472 1609; baseline 0.001 -22"><span class='ocrx_word' id='word_1_88' title='bbox 375 1526 898 1588; x_wconf 85' lang='lat' dir='ltr'><strong>commodissimum</strong></span> <span class='ocrx_word' id='word_1_89' title='bbox 916 1527 1095 1589; x_wconf 84' lang='lat' dir='ltr'><strong>fuerit</strong></span> <span class='ocrx_word' id='word_1_90' title='bbox 1120 1547 1196 1588; x_wconf 82' lang='lat' dir='ltr'><strong>ex</strong></span> <span class='ocrx_word' id='word_1_91' title='bbox 1224 1528 1473 1602; x_wconf 77' lang='lat' dir='ltr'><strong>Andria,</strong></span> <span class='ocrx_word' id='word_1_92' title='bbox 1500 1548 1682 1590; x_wconf 83' lang='lat' dir='ltr'><strong>scena</strong></span> <span class='ocrx_word' id='word_1_93' title='bbox 1706 1528 1896 1609; x_wconf 84' lang='lat' dir='ltr'><strong>prima</strong></span> <span class='ocrx_word' id='word_1_94' title='bbox 1920 1541 2090 1590; x_wconf 86' lang='lat' dir='ltr'><strong>actus</strong></span> <span class='ocrx_word' id='word_1_95' title='bbox 2110 1529 2327 1609; x_wconf 80' lang='lat' dir='ltr'><strong>quinti:</strong></span> <span class='ocrx_word' id='word_1_96' title='bbox 2370 1529 2472 1591; x_wconf 90' lang='lat' dir='ltr'><strong>ubi</strong></span> 
     </span>
     <span class='ocr_line' id='line_1_12' title="bbox 376 1634 2470 1715; baseline 0.001 -22"><span class='ocrx_word' id='word_1_97' title='bbox 376 1634 521 1695; x_wconf 91' lang='lat' dir='ltr'><strong>duos</strong></span> <span class='ocrx_word' id='word_1_98' title='bbox 544 1636 764 1715; x_wconf 88' lang='lat' dir='ltr'><strong>primos</strong></span> <span class='ocrx_word' id='word_1_99' title='bbox 788 1654 1009 1710; x_wconf 87' lang='lat' dir='ltr'><strong>versus,</strong></span> <span class='ocrx_word' id='word_1_100' title='bbox 1027 1635 1123 1695; x_wconf 86' lang='lat' dir='ltr'><strong>vel</strong></span> <span class='ocrx_word' id='word_1_101' title='bbox 1143 1653 1251 1714; x_wconf 85' lang='lat' dir='ltr'><strong>per</strong></span> <span class='ocrx_word' id='word_1_102' title='bbox 1267 1635 1502 1711; x_wconf 86' lang='lat' dir='ltr'><strong>jambos</strong></span> <span class='ocrx_word' id='word_1_103' title='bbox 1531 1634 1759 1714; x_wconf 90' lang='lat' dir='ltr'><strong>aliquis,</strong></span> <span class='ocrx_word' id='word_1_104' title='bbox 1780 1635 1875 1695; x_wconf 87' lang='lat' dir='ltr'><strong>vel</strong></span> <span class='ocrx_word' id='word_1_105' title='bbox 1902 1655 2010 1715; x_wconf 89' lang='lat' dir='ltr'><strong>per</strong></span> <span class='ocrx_word' id='word_1_106' title='bbox 2037 1635 2326 1695; x_wconf 83' lang='lat' dir='ltr'><strong>trochaeos</strong></span> <span class='ocrx_word' id='word_1_107' title='bbox 2345 1653 2470 1695; x_wconf 88' lang='lat' dir='ltr'><strong>me-</strong></span> 
     </span>
     <span class='ocr_line' id='line_1_13' title="bbox 376 1737 2473 1819; baseline 0.001 -21"><span class='ocrx_word' id='word_1_108' title='bbox 376 1737 469 1798; x_wconf 81' lang='lat' dir='ltr'><strong>tiri</strong></span> <span class='ocrx_word' id='word_1_109' title='bbox 507 1739 712 1819; x_wconf 87' lang='lat' dir='ltr'><strong>possit,</strong></span> <span class='ocrx_word' id='word_1_110' title='bbox 737 1738 848 1799; x_wconf 91' lang='lat' dir='ltr'><strong>nisi</strong></span> <span class='ocrx_word' id='word_1_111' title='bbox 872 1740 1031 1818; x_wconf 92' lang='lat' dir='ltr'><strong>quod</strong></span> <span class='ocrx_word' id='word_1_112' title='bbox 1056 1739 1432 1818; x_wconf 77' lang='lat' dir='ltr'><strong>insequentes</strong></span> <span class='ocrx_word' id='word_1_113' title='bbox 1459 1757 1661 1799; x_wconf 77' lang='lat' dir='ltr'><strong>versus</strong></span> <span class='ocrx_word' id='word_1_114' title='bbox 1687 1759 1796 1818; x_wconf 90' lang='lat' dir='ltr'><strong>per</strong></span> <span class='ocrx_word' id='word_1_115' title='bbox 1821 1740 2109 1800; x_wconf 74' lang='lat' dir='ltr'><strong>trochaeos</strong></span> <span class='ocrx_word' id='word_1_116' title='bbox 2147 1760 2278 1801; x_wconf 86' lang='lat' dir='ltr'><strong>esse</strong></span> <span class='ocrx_word' id='word_1_117' title='bbox 2303 1741 2473 1801; x_wconf 84' lang='lat' dir='ltr'><strong>meti-</strong></span> 
     </span>
     <span class='ocr_line' id='line_1_14' title="bbox 378 1843 2471 1924; baseline 0 -19"><span class='ocrx_word' id='word_1_118' title='bbox 378 1845 557 1905; x_wconf 84' lang='lat' dir='ltr'><strong>endos</strong></span> <span class='ocrx_word' id='word_1_119' title='bbox 583 1844 862 1905; x_wconf 86' lang='lat' dir='ltr'><strong>indicant.</strong></span> <span class='ocrx_word' id='word_1_120' title='bbox 942 1843 1092 1903; x_wconf 85' lang='lat' dir='ltr'><strong>Inde</strong></span> <span class='ocrx_word' id='word_1_121' title='bbox 1120 1862 1283 1904; x_wconf 86' lang='lat' dir='ltr'><strong>error</strong></span> <span class='ocrx_word' id='word_1_122' title='bbox 1309 1862 1535 1917; x_wconf 88' lang='lat' dir='ltr'><strong>eorum,</strong></span> <span class='ocrx_word' id='word_1_123' title='bbox 1561 1843 1661 1924; x_wconf 89' lang='lat' dir='ltr'><strong>qui</strong></span> <span class='ocrx_word' id='word_1_124' title='bbox 1682 1843 1971 1922; x_wconf 87' lang='lat' dir='ltr'><strong>jambicos</strong></span> <span class='ocrx_word' id='word_1_125' title='bbox 1999 1843 2314 1924; x_wconf 87' lang='lat' dir='ltr'><strong>quadratos</strong></span> <span class='ocrx_word' id='word_1_126' title='bbox 2341 1864 2471 1905; x_wconf 82' lang='lat' dir='ltr'><strong>esse</strong></span> 
     </span>
     <span class='ocr_line' id='line_1_15' title="bbox 378 1947 2471 2029; baseline 0 -19"><span class='ocrx_word' id='word_1_127' title='bbox 378 1949 741 2023; x_wconf 72' lang='lat' dir='ltr'><strong>adnotarent,</strong></span> <span class='ocrx_word' id='word_1_128' title='bbox 769 1968 907 2010; x_wconf 88' lang='lat' dir='ltr'><strong>cum</strong></span> <span class='ocrx_word' id='word_1_129' title='bbox 935 1948 1121 2029; x_wconf 82' lang='lat' dir='ltr'><strong>quivis</strong></span> <span class='ocrx_word' id='word_1_130' title='bbox 1146 1967 1266 2008; x_wconf 90' lang='lat' dir='ltr'><strong>non</strong></span> <span class='ocrx_word' id='word_1_131' title='bbox 1289 1947 1631 2009; x_wconf 86' lang='lat' dir='ltr'><strong>rudissimus</strong></span> <span class='ocrx_word' id='word_1_132' title='bbox 1662 1950 1838 2029; x_wconf 87' lang='lat' dir='ltr'><strong>plane</strong></span> <span class='ocrx_word' id='word_1_133' title='bbox 1875 1949 2079 2009; x_wconf 84' lang='lat' dir='ltr'><strong>harum</strong></span> <span class='ocrx_word' id='word_1_134' title='bbox 2106 1968 2320 2022; x_wconf 87' lang='lat' dir='ltr'><strong>rerum,</strong></span> <span class='ocrx_word' id='word_1_135' title='bbox 2350 1961 2471 2011; x_wconf 89' lang='lat' dir='ltr'><strong>tro-</strong></span> 
     </span>
     <span class='ocr_line' id='line_1_16' title="bbox 378 2051 2471 2134; baseline -0.001 -17"><span class='ocrx_word' id='word_1_136' title='bbox 378 2055 609 2117; x_wconf 83' lang='lat' dir='ltr'><strong>chaicos</strong></span> <span class='ocrx_word' id='word_1_137' title='bbox 628 2075 756 2118; x_wconf 90' lang='lat' dir='ltr'><strong>esse</strong></span> <span class='ocrx_word' id='word_1_138' title='bbox 776 2054 992 2115; x_wconf 84' lang='lat' dir='ltr'><strong>videat.</strong></span> <span class='ocrx_word' id='word_1_139' title='bbox 1036 2051 1158 2112; x_wconf 92' lang='lat' dir='ltr'><strong>Hic</strong></span> <span class='ocrx_word' id='word_1_140' title='bbox 1180 2052 1328 2113; x_wconf 91' lang='lat' dir='ltr'><strong>illud</strong></span> <span class='ocrx_word' id='word_1_141' title='bbox 1348 2053 1557 2125; x_wconf 88' lang='lat' dir='ltr'><strong>obiter,</strong></span> <span class='ocrx_word' id='word_1_142' title='bbox 1580 2054 1843 2134; x_wconf 85' lang='lat' dir='ltr'><strong>quamvis</strong></span> <span class='ocrx_word' id='word_1_143' title='bbox 1869 2054 2022 2127; x_wconf 89' lang='lat' dir='ltr'><strong>leve,</strong></span> <span class='ocrx_word' id='word_1_144' title='bbox 2041 2055 2471 2116; x_wconf 88' lang='lat' dir='ltr'><strong>admonendum</strong></span> 
     </span>
     <span class='ocr_line' id='line_1_17' title="bbox 377 2159 2471 2242; baseline 0 -21"><span class='ocrx_word' id='word_1_145' title='bbox 377 2172 551 2242; x_wconf 80' lang='lat' dir='ltr'><strong>puto:</strong></span> <span class='ocrx_word' id='word_1_146' title='bbox 578 2161 737 2222; x_wconf 77' lang='lat' dir='ltr'><strong>mire</strong></span> <span class='ocrx_word' id='word_1_147' title='bbox 768 2159 1061 2221; x_wconf 86' lang='lat' dir='ltr'><strong>interdum</strong></span> <span class='ocrx_word' id='word_1_148' title='bbox 1088 2169 1267 2239; x_wconf 88' lang='lat' dir='ltr'><strong>poeta</strong></span> <span class='ocrx_word' id='word_1_149' title='bbox 1302 2159 1378 2219; x_wconf 90' lang='lat' dir='ltr'><strong>de</strong></span> <span class='ocrx_word' id='word_1_150' title='bbox 1412 2159 1695 2220; x_wconf 87' lang='lat' dir='ltr'><strong>industria</strong></span> <span class='ocrx_word' id='word_1_151' title='bbox 1720 2160 2067 2221; x_wconf 86' lang='lat' dir='ltr'><strong>sententiam</strong></span> <span class='ocrx_word' id='word_1_152' title='bbox 2096 2180 2314 2240; x_wconf 84' lang='lat' dir='ltr'><strong>genere</strong></span> <span class='ocrx_word' id='word_1_153' title='bbox 2342 2161 2471 2241; x_wconf 87' lang='lat' dir='ltr'><strong>ipso</strong></span> 
     </span>
     <span class='ocr_line' id='line_1_18' title="bbox 380 2265 2477 2346; baseline -0.002 -17"><span class='ocrx_word' id='word_1_154' title='bbox 380 2269 547 2330; x_wconf 84' lang='lat' dir='ltr'><strong>metri</strong></span> <span class='ocrx_word' id='word_1_155' title='bbox 575 2274 785 2346; x_wconf 82' lang='lat' dir='ltr'><strong>juvare</strong></span> <span class='ocrx_word' id='word_1_156' title='bbox 819 2268 1088 2328; x_wconf 83' lang='lat' dir='ltr'><strong>videtur:</strong></span> <span class='ocrx_word' id='word_1_157' title='bbox 1134 2265 1300 2326; x_wconf 79' lang='lat' dir='ltr'><strong>velut</strong></span> <span class='ocrx_word' id='word_1_158' title='bbox 1336 2265 1439 2338; x_wconf 91' lang='lat' dir='ltr'><strong>ibi,</strong></span> <span class='ocrx_word' id='word_1_159' title='bbox 1478 2267 1587 2326; x_wconf 81' lang='lat' dir='ltr'><strong>Dii</strong></span> <span class='ocrx_word' id='word_1_160' title='bbox 1613 2267 1753 2339; x_wconf 80' lang='lat' dir='ltr'><strong>boni,</strong></span> <span class='ocrx_word' id='word_1_161' title='bbox 1799 2267 1920 2326; x_wconf 78' lang='lat' dir='ltr'><strong>boni</strong></span> <span class='ocrx_word' id='word_1_162' title='bbox 1957 2267 2089 2346; x_wconf 79' lang='lat' dir='ltr'><strong>quid</strong></span> <span class='ocrx_word' id='word_1_163' title='bbox 2117 2274 2327 2343; x_wconf 75' lang='lat' dir='ltr'><strong>porto?</strong></span> <span class='ocrx_word' id='word_1_164' title='bbox 2379 2266 2477 2324; x_wconf 74' lang='lat' dir='ltr'><strong>sed</strong></span> 
     </span>
     <span class='ocr_line' id='line_1_19' title="bbox 379 2372 2471 2453; baseline -0.003 -18"><span class='ocrx_word' id='word_1_165' title='bbox 379 2376 469 2434; x_wconf 64' lang='lat' dir='ltr'><strong>aba·</strong></span> <span class='ocrx_word' id='word_1_166' title='bbox 498 2375 761 2435; x_wconf 72' lang='grc' dir='ltr'><strong>ἰηυεπὲωπ</strong></span> <span class='ocrx_word' id='word_1_167' title='bbox 788 2375 1125 2453; x_wconf 72' lang='grc' dir='ltr'><strong>ΡαηιρΙιὲἱωπ</strong></span> <span class='ocrx_word' id='word_1_168' title='bbox 1144 2382 1169 2432; x_wconf 73' lang='grc'><strong>,7</strong></span> <span class='ocrx_word' id='word_1_169' title='bbox 1230 2372 1314 2432; x_wconf 81' lang='lat' dir='ltr'><strong>Ut</strong></span> <span class='ocrx_word' id='word_1_170' title='bbox 1351 2380 1548 2432; x_wconf 77' lang='lat' dir='ltr'><strong>metum</strong></span> <span class='ocrx_word' id='word_1_171' title='bbox 1576 2373 1634 2431; x_wconf 80' lang='lat' dir='ltr'><strong>in</strong></span> <span class='ocrx_word' id='word_1_172' title='bbox 1676 2393 1781 2451; x_wconf 79' lang='lat' dir='ltr'><strong>quo</strong></span> <span class='ocrx_word' id='word_1_173' title='bbox 1820 2392 1957 2433; x_wconf 78' lang='lat' dir='ltr'><strong>nunc</strong></span> <span class='ocrx_word' id='word_1_174' title='bbox 1985 2380 2067 2431; x_wconf 77' lang='lat' dir='ltr'><strong>est</strong></span> <span class='ocrx_word' id='word_1_175' title='bbox 2094 2372 2343 2442; x_wconf 79' lang='lat' dir='ltr'><strong>adimam,</strong></span> <span class='ocrx_word' id='word_1_176' title='bbox 2383 2379 2471 2430; x_wconf 79' lang='lat' dir='ltr'><strong>at-</strong></span> 
     </span>
     <span class='ocr_line' id='line_1_20' title="bbox 379 2477 2476 2562; baseline -0.001 -19"><span class='ocrx_word' id='word_1_177' title='bbox 379 2503 476 2562; x_wconf 75' lang='lat' dir='ltr'><strong>que</strong></span> <span class='ocrx_word' id='word_1_178' title='bbox 502 2485 737 2560; x_wconf 69' lang='lat' dir='ltr'><strong>expleam</strong></span> <span class='ocrx_word' id='word_1_179' title='bbox 761 2483 991 2542; x_wconf 78' lang='lat' dir='ltr'><strong>animum</strong></span> <span class='ocrx_word' id='word_1_180' title='bbox 1013 2481 1240 2559; x_wconf 81' lang='lat' dir='ltr'><strong>gaudio,</strong></span> <span class='ocrx_word' id='word_1_181' title='bbox 1265 2487 1375 2542; x_wconf 63' lang='lat' dir='ltr'><strong>stc.</strong></span> <span class='ocrx_word' id='word_1_182' title='bbox 1458 2479 1580 2540; x_wconf 89' lang='lat' dir='ltr'><strong>Ubi</strong></span> <span class='ocrx_word' id='word_1_183' title='bbox 1609 2478 1891 2540; x_wconf 84' lang='lat' dir='ltr'>trochaici</span> <span class='ocrx_word' id='word_1_184' title='bbox 1919 2477 2188 2538; x_wconf 80' lang='lat' dir='ltr'><strong>carminis</strong></span> <span class='ocrx_word' id='word_1_185' title='bbox 2208 2497 2383 2538; x_wconf 89' lang='lat' dir='ltr'><strong>cursu</strong></span> <span class='ocrx_word' id='word_1_186' title='bbox 2414 2488 2476 2540; x_wconf 90' lang='lat' dir='ltr'><strong>et</strong></span> 
     </span>
     <span class='ocr_line' id='line_1_21' title="bbox 378 2583 2472 2668; baseline -0.002 -19"><span class='ocrx_word' id='word_1_187' title='bbox 378 2588 733 2650; x_wconf 75' lang='lat' dir='ltr'><strong>volubilitate</strong></span> <span class='ocrx_word' id='word_1_188' title='bbox 759 2586 1192 2649; x_wconf 77' lang='lat' dir='ltr'><strong>festinationem</strong></span> <span class='ocrx_word' id='word_1_189' title='bbox 1218 2594 1602 2668; x_wconf 81' lang='lat' dir='ltr'><strong>repraesentat</strong></span> <span class='ocrx_word' id='word_1_190' title='bbox 1625 2585 1839 2646; x_wconf 84' lang='lat' dir='ltr'><strong>servuli</strong></span> <span class='ocrx_word' id='word_1_191' title='bbox 1866 2583 2184 2645; x_wconf 80' lang='lat' dir='ltr'><strong>insolenter</strong></span> <span class='ocrx_word' id='word_1_192' title='bbox 2202 2584 2472 2644; x_wconf 84' lang='lat' dir='ltr'><strong>exultan-</strong></span> 
     </span>
     <span class='ocr_line' id='line_1_22' title="bbox 378 2689 2471 2773; baseline -0.002 -20"><span class='ocrx_word' id='word_1_193' title='bbox 378 2693 471 2766; x_wconf 87' lang='lat' dir='ltr'><strong>tis,</strong></span> <span class='ocrx_word' id='word_1_194' title='bbox 501 2704 563 2754; x_wconf 90' lang='lat' dir='ltr'><strong>et</strong></span> <span class='ocrx_word' id='word_1_195' title='bbox 588 2692 891 2754; x_wconf 73' lang='lat' dir='ltr'><strong>alacritate</strong></span> <span class='ocrx_word' id='word_1_196' title='bbox 916 2692 1094 2753; x_wconf 88' lang='lat' dir='ltr'><strong>nimia</strong></span> <span class='ocrx_word' id='word_1_197' title='bbox 1119 2691 1417 2773; x_wconf 82' lang='lat' dir='ltr'><strong>gestientis</strong></span> <span class='ocrx_word' id='word_1_198' title='bbox 1444 2709 1564 2771; x_wconf 90' lang='lat' dir='ltr'><strong>quo</strong></span> <span class='ocrx_word' id='word_1_199' title='bbox 1591 2691 1754 2752; x_wconf 88' lang='lat' dir='ltr'><strong>circa</strong></span> <span class='ocrx_word' id='word_1_200' title='bbox 1777 2690 1991 2771; x_wconf 84' lang='lat' dir='ltr'><strong>passim</strong></span> <span class='ocrx_word' id='word_1_201' title='bbox 2032 2689 2340 2761; x_wconf 82' lang='lat' dir='ltr'><strong>trochaeos,</strong></span> <span class='ocrx_word' id='word_1_202' title='bbox 2369 2690 2471 2749; x_wconf 88' lang='lat' dir='ltr'><strong>tri-</strong></span> 
     </span>
     <span class='ocr_line' id='line_1_23' title="bbox 380 2792 2474 2878; baseline -0.003 -19"><span class='ocrx_word' id='word_1_203' title='bbox 380 2798 644 2871; x_wconf 75' lang='lat' dir='ltr'><strong>brachos,</strong></span> <span class='ocrx_word' id='word_1_204' title='bbox 662 2809 991 2878; x_wconf 77' lang='lat' dir='ltr'><strong>anapaestos</strong></span> <span class='ocrx_word' id='word_1_205' title='bbox 1004 2797 1340 2860; x_wconf 77' lang='lat' dir='ltr'><strong>admiscuit:</strong></span> <span class='ocrx_word' id='word_1_206' title='bbox 1362 2798 1546 2878; x_wconf 88' lang='lat' dir='ltr'><strong>pedes</strong></span> <span class='ocrx_word' id='word_1_207' title='bbox 1565 2796 1813 2870; x_wconf 85' lang='lat' dir='ltr'><strong>scilicet,</strong></span> <span class='ocrx_word' id='word_1_208' title='bbox 1832 2797 2042 2877; x_wconf 90' lang='lat' dir='ltr'><strong>quibus</strong></span> <span class='ocrx_word' id='word_1_209' title='bbox 2059 2792 2332 2855; x_wconf 80' lang='lat' dir='ltr'><strong>celeritas</strong></span> <span class='ocrx_word' id='word_1_210' title='bbox 2347 2794 2474 2874; x_wconf 86' lang='lat' dir='ltr'><strong>ple-</strong></span> 
     </span>
     <span class='ocr_line' id='line_1_24' title="bbox 380 2899 2471 2982; baseline -0 -20"><span class='ocrx_word' id='word_1_211' title='bbox 380 2921 602 2982; x_wconf 87' lang='lat' dir='ltr'><strong>runque</strong></span> <span class='ocrx_word' id='word_1_212' title='bbox 628 2922 665 2963; x_wconf 85' lang='lat' dir='ltr'><strong>a</strong></span> <span class='ocrx_word' id='word_1_213' title='bbox 684 2901 913 2962; x_wconf 80' lang='lat' dir='ltr'><strong>caeteris</strong></span> <span class='ocrx_word' id='word_1_214' title='bbox 929 2902 1072 2962; x_wconf 89' lang='lat' dir='ltr'><strong>item</strong></span> <span class='ocrx_word' id='word_1_215' title='bbox 1086 2903 1279 2982; x_wconf 87' lang='lat' dir='ltr'><strong>poetis</strong></span> <span class='ocrx_word' id='word_1_216' title='bbox 1299 2901 1552 2981; x_wconf 82' lang='lat' dir='ltr'><strong>exprimi</strong></span> <span class='ocrx_word' id='word_1_217' title='bbox 1573 2901 1744 2962; x_wconf 85' lang='lat' dir='ltr'><strong>solet.</strong></span> <span class='ocrx_word' id='word_1_218' title='bbox 1806 2901 2084 2962; x_wconf 88' lang='lat' dir='ltr'><strong>Similiter</strong></span> <span class='ocrx_word' id='word_1_219' title='bbox 2103 2899 2162 2959; x_wconf 90' lang='lat' dir='ltr'><strong>in</strong></span> <span class='ocrx_word' id='word_1_220' title='bbox 2182 2899 2471 2961; x_wconf 86' lang='lat' dir='ltr'><strong>Eunucho</strong></span> 
     </span>
     <span class='ocr_line' id='line_1_25' title="bbox 380 3005 2471 3088; baseline 0 -22"><span class='ocrx_word' id='word_1_221' title='bbox 380 3006 629 3067; x_wconf 87' lang='lat' dir='ltr'><strong>subitum</strong></span> <span class='ocrx_word' id='word_1_222' title='bbox 656 3025 958 3085; x_wconf 82' lang='lat' dir='ltr'><strong>egressum</strong></span> <span class='ocrx_word' id='word_1_223' title='bbox 982 3006 1195 3087; x_wconf 82' lang='lat' dir='ltr'><strong>puellae</strong></span> <span class='ocrx_word' id='word_1_224' title='bbox 1232 3006 1587 3088; x_wconf 78' lang='lat' dir='ltr'><strong>perturbatae</strong></span> <span class='ocrx_word' id='word_1_225' title='bbox 1624 3005 1926 3066; x_wconf 89' lang='lat' dir='ltr'><strong>celeritate</strong></span> <span class='ocrx_word' id='word_1_226' title='bbox 1962 3006 2086 3085; x_wconf 85' lang='lat' dir='ltr'><strong>ipsa</strong></span> <span class='ocrx_word' id='word_1_227' title='bbox 2109 3006 2328 3086; x_wconf 87' lang='lat' dir='ltr'><strong>pedum</strong></span> <span class='ocrx_word' id='word_1_228' title='bbox 2370 3025 2471 3080; x_wconf 60' lang='lat' dir='ltr'><strong>ex·‚</strong></span> 
     </span>
     <span class='ocr_line' id='line_1_26' title="bbox 380 3108 2470 3191; baseline -0 -19"><span class='ocrx_word' id='word_1_229' title='bbox 380 3110 615 3191; x_wconf 76' lang='lat' dir='ltr'><strong>pressit:</strong></span> <span class='ocrx_word' id='word_1_230' title='bbox 656 3109 757 3169; x_wconf 85' lang='lat' dir='ltr'><strong>ubi</strong></span> <span class='ocrx_word' id='word_1_231' title='bbox 779 3109 1069 3182; x_wconf 68' lang='lat' dir='ltr'><strong>Phaedria,</strong></span> <span class='ocrx_word' id='word_1_232' title='bbox 1091 3110 1197 3171; x_wconf 90' lang='lat' dir='ltr'><strong>sed</strong></span> <span class='ocrx_word' id='word_1_233' title='bbox 1216 3109 1355 3190; x_wconf 90' lang='lat' dir='ltr'><strong>quid</strong></span> <span class='ocrx_word' id='word_1_234' title='bbox 1380 3109 1498 3170; x_wconf 90' lang='lat' dir='ltr'><strong>hoc</strong></span> <span class='ocrx_word' id='word_1_235' title='bbox 1516 3120 1625 3183; x_wconf 86' lang='lat' dir='ltr'><strong>est,</strong></span> <span class='ocrx_word' id='word_1_236' title='bbox 1645 3108 1850 3188; x_wconf 87' lang='lat' dir='ltr'><strong>inquit,</strong></span> <span class='ocrx_word' id='word_1_237' title='bbox 1873 3110 2033 3191; x_wconf 92' lang='lat' dir='ltr'><strong>quod</strong></span> <span class='ocrx_word' id='word_1_238' title='bbox 2052 3109 2257 3171; x_wconf 87' lang='lat' dir='ltr'><strong>timida</strong></span> <span class='ocrx_word' id='word_1_239' title='bbox 2274 3110 2470 3171; x_wconf 88' lang='lat' dir='ltr'><strong>subito</strong></span> 
     </span>
     <span class='ocr_line' id='line_1_27' title="bbox 382 3213 2470 3296; baseline 0 -19"><span class='ocrx_word' id='word_1_240' title='bbox 382 3216 680 3296; x_wconf 79' lang='lat' dir='ltr'><strong>egreditur</strong></span> <span class='ocrx_word' id='word_1_241' title='bbox 702 3213 984 3296; x_wconf 71' lang='lat' dir='ltr'><strong>Pythias?</strong></span> <span class='ocrx_word' id='word_1_242' title='bbox 1026 3214 1165 3276; x_wconf 92' lang='lat' dir='ltr'><strong>Hoc</strong></span> <span class='ocrx_word' id='word_1_243' title='bbox 1185 3214 1390 3275; x_wconf 89' lang='lat' dir='ltr'><strong>dedita</strong></span> <span class='ocrx_word' id='word_1_244' title='bbox 1409 3233 1589 3294; x_wconf 87' lang='lat' dir='ltr'><strong>opera</strong></span> <span class='ocrx_word' id='word_1_245' title='bbox 1606 3225 1843 3294; x_wconf 88' lang='lat' dir='ltr'><strong>poetam</strong></span> <span class='ocrx_word' id='word_1_246' title='bbox 1862 3214 1945 3274; x_wconf 83' lang='lat' dir='ltr'><strong>ita</strong></span> <span class='ocrx_word' id='word_1_247' title='bbox 1962 3214 2191 3287; x_wconf 82' lang='lat' dir='ltr'><strong>fecisse,</strong></span> <span class='ocrx_word' id='word_1_248' title='bbox 2206 3214 2300 3274; x_wconf 84' lang='lat' dir='ltr'><strong>vel</strong></span> <span class='ocrx_word' id='word_1_249' title='bbox 2324 3213 2470 3278; x_wconf 86' lang='lat' dir='ltr'><strong>illud</strong></span> 
     </span>
     <span class='ocr_line' id='line_1_28' title="bbox 366 3318 2468 3400; baseline -0.002 -16"><span class='ocrx_word' id='word_1_250' title='bbox 366 3323 594 3384; x_wconf 69' lang='lat' dir='ltr'><strong>-indicio</strong></span> <span class='ocrx_word' id='word_1_251' title='bbox 619 3321 818 3393; x_wconf 84' lang='lat' dir='ltr'><strong>fuerit,</strong></span> <span class='ocrx_word' id='word_1_252' title='bbox 845 3319 1003 3400; x_wconf 88' lang='lat' dir='ltr'><strong>quod</strong></span> <span class='ocrx_word' id='word_1_253' title='bbox 1030 3339 1167 3380; x_wconf 89' lang='lat' dir='ltr'><strong>cum</strong></span> <span class='ocrx_word' id='word_1_254' title='bbox 1193 3319 1388 3380; x_wconf 79' lang='lat' dir='ltr'><strong>coeteri</strong></span> <span class='ocrx_word' id='word_1_255' title='bbox 1415 3319 1591 3397; x_wconf 85' lang='lat' dir='ltr'><strong>hujus</strong></span> <span class='ocrx_word' id='word_1_256' title='bbox 1623 3338 1819 3379; x_wconf 80' lang='lat' dir='ltr'><strong>scenae</strong></span> <span class='ocrx_word' id='word_1_257' title='bbox 1845 3336 2042 3378; x_wconf 84' lang='lat' dir='ltr'><strong>versus</strong></span> <span class='ocrx_word' id='word_1_258' title='bbox 2067 3318 2304 3395; x_wconf 84' lang='lat' dir='ltr'><strong>jambici</strong></span> <span class='ocrx_word' id='word_1_259' title='bbox 2333 3319 2468 3394; x_wconf 86' lang='lat' dir='ltr'><strong>sint,</strong></span> 
     </span>
     <span class='ocr_line' id='line_1_29' title="bbox 376 3422 2472 3504; baseline -0.001 -16"><span class='ocrx_word' id='word_1_260' title='bbox 376 3447 524 3488; x_wconf 86' lang='lat' dir='ltr'><strong>unus</strong></span> <span class='ocrx_word' id='word_1_261' title='bbox 547 3426 644 3487; x_wconf 90' lang='lat' dir='ltr'><strong>hic</strong></span> <span class='ocrx_word' id='word_1_262' title='bbox 668 3425 924 3486; x_wconf 88' lang='lat' dir='ltr'><strong>trimeter</strong></span> <span class='ocrx_word' id='word_1_263' title='bbox 967 3423 1299 3486; x_wconf 82' lang='lat' dir='ltr'><strong>trochaicus</strong></span> <span class='ocrx_word' id='word_1_264' title='bbox 1325 3443 1454 3485; x_wconf 89' lang='lat' dir='ltr'><strong>esse</strong></span> <span class='ocrx_word' id='word_1_265' title='bbox 1481 3422 1766 3485; x_wconf 85' lang='lat' dir='ltr'><strong>videatur.</strong></span> <span class='ocrx_word' id='word_1_266' title='bbox 1846 3424 1924 3483; x_wconf 88' lang='lat' dir='ltr'><strong>Et</strong></span> <span class='ocrx_word' id='word_1_267' title='bbox 1951 3423 2168 3504; x_wconf 85' lang='lat' dir='ltr'><strong>alioqui</strong></span> <span class='ocrx_word' id='word_1_268' title='bbox 2208 3425 2361 3487; x_wconf 89' lang='lat' dir='ltr'><strong>solet</strong></span> <span class='ocrx_word' id='word_1_269' title='bbox 2383 3426 2472 3486; x_wconf 87' lang='lat' dir='ltr'><strong>in.</strong></span> 
     </span>
     <span class='ocr_line' id='line_1_30' title="bbox 380 3523 2471 3612; baseline -0 -18"><span class='ocrx_word' id='word_1_270' title='bbox 380 3532 605 3594; x_wconf 86' lang='lat' dir='ltr'><strong>terdum</strong></span> <span class='ocrx_word' id='word_1_271' title='bbox 624 3539 803 3612; x_wconf 87' lang='lat' dir='ltr'><strong>poeta</strong></span> <span class='ocrx_word' id='word_1_272' title='bbox 822 3540 1049 3591; x_wconf 87' lang='lat' dir='ltr'><strong>mutare</strong></span> <span class='ocrx_word' id='word_1_273' title='bbox 1069 3530 1240 3590; x_wconf 89' lang='lat' dir='ltr'><strong>metri</strong></span> <span class='ocrx_word' id='word_1_274' title='bbox 1260 3548 1468 3609; x_wconf 81' lang='lat' dir='ltr'><strong>genus,</strong></span> <span class='ocrx_word' id='word_1_275' title='bbox 1493 3547 1626 3589; x_wconf 88' lang='lat' dir='ltr'><strong>cum</strong></span> <span class='ocrx_word' id='word_1_276' title='bbox 1638 3523 1881 3588; x_wconf 79' lang='lat' dir='ltr'><strong>&#39;ventum</strong></span> <span class='ocrx_word' id='word_1_277' title='bbox 1903 3539 1994 3588; x_wconf 90' lang='lat' dir='ltr'><strong>est</strong></span> <span class='ocrx_word' id='word_1_278' title='bbox 2014 3530 2090 3589; x_wconf 82' lang='lat' dir='ltr'><strong>a&#39;d</strong></span> <span class='ocrx_word' id='word_1_279' title='bbox 2109 3535 2471 3612; x_wconf 76' lang='grc' dir='ltr'><strong><em>παρασκευὴν</em></strong></span> 
     </span>
     <span class='ocr_line' id='line_1_31' title="bbox 377 3632 2469 3717; baseline -0.001 -16"><span class='ocrx_word' id='word_1_280' title='bbox 377 3658 572 3701; x_wconf 82' lang='lat' dir='ltr'><strong>scenae</strong></span> <span class='ocrx_word' id='word_1_281' title='bbox 611 3633 947 3717; x_wconf 82' lang='lat' dir='ltr'><strong>sequentis:</strong></span> <span class='ocrx_word' id='word_1_282' title='bbox 1007 3633 1169 3695; x_wconf 79' lang='lat' dir='ltr'><strong>velut</strong></span> <span class='ocrx_word' id='word_1_283' title='bbox 1211 3634 1273 3694; x_wconf 93' lang='lat' dir='ltr'><strong>in</strong></span> <span class='ocrx_word' id='word_1_284' title='bbox 1313 3632 1467 3694; x_wconf 89' lang='lat' dir='ltr'><strong>And.</strong></span> <span class='ocrx_word' id='word_1_285' title='bbox 1509 3642 1628 3693; x_wconf 88' lang='lat' dir='ltr'><strong>act.</strong></span> <span class='ocrx_word' id='word_1_286' title='bbox 1670 3632 1722 3693; x_wconf 92' lang='lat'><strong>1.</strong></span> <span class='ocrx_word' id='word_1_287' title='bbox 1770 3652 1960 3693; x_wconf 88' lang='lat' dir='ltr'><strong>scena.</strong></span> <span class='ocrx_word' id='word_1_288' title='bbox 2006 3634 2117 3693; x_wconf 83' lang='lat' dir='ltr'><strong>lv.</strong></span> <span class='ocrx_word' id='word_1_289' title='bbox 2165 3646 2227 3697; x_wconf 90' lang='lat' dir='ltr'><strong>et</strong></span> <span class='ocrx_word' id='word_1_290' title='bbox 2273 3655 2469 3699; x_wconf 83' lang='lat' dir='ltr'><strong>rursus</strong></span> 
     </span>
     <span class='ocr_line' id='line_1_32' title="bbox 379 3739 2468 3821; baseline -0.002 -15"><span class='ocrx_word' id='word_1_291' title='bbox 379 3758 492 3807; x_wconf 85' lang='lat' dir='ltr'><strong>act.</strong></span> <span class='ocrx_word' id='word_1_292' title='bbox 523 3745 638 3805; x_wconf 89' lang='lat'>111.</span> <span class='ocrx_word' id='word_1_293' title='bbox 680 3762 879 3805; x_wconf 83' lang='lat' dir='ltr'><strong>scena.</strong></span> <span class='ocrx_word' id='word_1_294' title='bbox 923 3741 1033 3802; x_wconf 89' lang='lat' dir='ltr'><strong>IV.</strong></span> <span class='ocrx_word' id='word_1_295' title='bbox 1074 3742 1293 3801; x_wconf 88' lang='lat' dir='ltr'><strong>Iterum</strong></span> <span class='ocrx_word' id='word_1_296' title='bbox 1329 3751 1446 3801; x_wconf 89' lang='lat' dir='ltr'><strong>act.</strong></span> <span class='ocrx_word' id='word_1_297' title='bbox 1484 3740 1595 3801; x_wconf 84' lang='lat' dir='ltr'><strong>lv.</strong></span> <span class='ocrx_word' id='word_1_298' title='bbox 1635 3758 1831 3800; x_wconf 90' lang='lat' dir='ltr'><strong>scena.</strong></span> <span class='ocrx_word' id='word_1_299' title='bbox 1861 3739 1912 3799; x_wconf 90' lang='lat'><strong>1.</strong></span> <span class='ocrx_word' id='word_1_300' title='bbox 1954 3740 2026 3799; x_wconf 91' lang='lat' dir='ltr'><strong>In</strong></span> <span class='ocrx_word' id='word_1_301' title='bbox 2071 3740 2313 3821; x_wconf 83' lang='lat' dir='ltr'><strong>Hecyra</strong></span> <span class='ocrx_word' id='word_1_302' title='bbox 2351 3752 2468 3802; x_wconf 83' lang='lat' dir='ltr'><strong>act.</strong></span> 
     </span>
     <span class='ocr_line' id='line_1_33' title="bbox 380 3844 2468 3912; baseline -0.004 0"><span class='ocrx_word' id='word_1_303' title='bbox 380 3852 497 3912; x_wconf 89' lang='lat'>111.</span> <span class='ocrx_word' id='word_1_304' title='bbox 526 3869 707 3912; x_wconf 88' lang='lat' dir='ltr'><strong>scena</strong></span> <span class='ocrx_word' id='word_1_305' title='bbox 733 3849 852 3908; x_wconf 90' lang='grc' dir='ltr'><strong>ΙΙΙ.</strong></span> <span class='ocrx_word' id='word_1_306' title='bbox 925 3847 1224 3908; x_wconf 80' lang='lat' dir='ltr'><strong>Praeterea</strong></span> <span class='ocrx_word' id='word_1_307' title='bbox 1250 3847 1307 3907; x_wconf 87' lang='lat' dir='ltr'><strong>in</strong></span> <span class='ocrx_word' id='word_1_308' title='bbox 1329 3845 1568 3907; x_wconf 87' lang='lat' dir='ltr'><strong>Phorm.</strong></span> <span class='ocrx_word' id='word_1_309' title='bbox 1593 3845 1679 3905; x_wconf 89' lang='lat'><strong>11.</strong></span> <span class='ocrx_word' id='word_1_310' title='bbox 1700 3864 1878 3905; x_wconf 88' lang='lat' dir='ltr'><strong>scena</strong></span> <span class='ocrx_word' id='word_1_311' title='bbox 1907 3845 1992 3905; x_wconf 90' lang='grc' dir='ltr'><strong>ΙΙ.</strong></span> <span class='ocrx_word' id='word_1_312' title='bbox 2067 3845 2166 3906; x_wconf 88' lang='lat' dir='ltr'><strong>Sic</strong></span> <span class='ocrx_word' id='word_1_313' title='bbox 2194 3844 2337 3906; x_wconf 87' lang='lat' dir='ltr'><strong>alias</strong></span> <span class='ocrx_word' id='word_1_314' title='bbox 2358 3865 2468 3905; x_wconf 78' lang='lat' dir='ltr'><strong>sae-</strong></span> 
     </span>
     <span class='ocr_line' id='line_1_34' title="bbox 380 3952 2468 4037; baseline -0.002 -21"><span class='ocrx_word' id='word_1_315' title='bbox 380 3976 491 4037; x_wconf 80' lang='lat' dir='ltr'><strong>pe.-</strong></span> <span class='ocrx_word' id='word_1_316' title='bbox 515 3955 663 4016; x_wconf 87' lang='lat' dir='ltr'><strong>Tale</strong></span> <span class='ocrx_word' id='word_1_317' title='bbox 691 3954 837 4014; x_wconf 88' lang='lat' dir='ltr'><strong>illud</strong></span> <span class='ocrx_word' id='word_1_318' title='bbox 865 3973 1099 4035; x_wconf 89' lang='lat' dir='ltr'><strong>quoque</strong></span> <span class='ocrx_word' id='word_1_319' title='bbox 1126 3972 1206 4013; x_wconf 80' lang='lat' dir='ltr'><strong>ex</strong></span> <span class='ocrx_word' id='word_1_320' title='bbox 1226 3952 1535 4032; x_wconf 86' lang='lat' dir='ltr'><strong>Adelphis,</strong></span> <span class='ocrx_word' id='word_1_321' title='bbox 1556 3961 1777 4010; x_wconf 69' lang='lat' dir='ltr'><strong>ceteros</strong></span> <span class='ocrx_word' id='word_1_322' title='bbox 1802 3971 2028 4023; x_wconf 79' lang='lat' dir='ltr'><strong>ruerem,</strong></span> <span class='ocrx_word' id='word_1_323' title='bbox 2049 3972 2283 4030; x_wconf 82' lang='lat' dir='ltr'><strong>agerem,</strong></span> <span class='ocrx_word' id='word_1_324' title='bbox 2311 3971 2468 4030; x_wconf 78' lang='lat' dir='ltr'><strong>rape·</strong></span> 
     </span>
     <span class='ocr_line' id='line_1_35' title="bbox 378 4053 2468 4136; baseline -0.005 -11"><span class='ocrx_word' id='word_1_325' title='bbox 378 4083 507 4135; x_wconf 67' lang='lat' dir='ltr'><strong>reu,</strong></span> <span class='ocrx_word' id='word_1_326' title='bbox 526 4062 803 4121; x_wconf 74' lang='lat' dir='ltr'><strong>tunderem</strong></span> <span class='ocrx_word' id='word_1_327' title='bbox 829 4068 883 4117; x_wconf 78' lang='lat' dir='ltr'><strong>et</strong></span> <span class='ocrx_word' id='word_1_328' title='bbox 901 4066 1315 4136; x_wconf 72' lang='lat' dir='ltr'><strong>prosternerem.</strong></span> <span class='ocrx_word' id='word_1_329' title='bbox 1397 4054 1511 4117; x_wconf 87' lang='lat' dir='ltr'><strong>Cui</strong></span> <span class='ocrx_word' id='word_1_330' title='bbox 1539 4064 1629 4116; x_wconf 89' lang='lat' dir='ltr'><strong>est</strong></span> <span class='ocrx_word' id='word_1_331' title='bbox 1651 4054 1887 4134; x_wconf 87' lang='lat' dir='ltr'><strong>aliquod</strong></span> <span class='ocrx_word' id='word_1_332' title='bbox 1912 4054 2136 4115; x_wconf 90' lang='lat' dir='ltr'><strong>aurium</strong></span> <span class='ocrx_word' id='word_1_333' title='bbox 2159 4053 2468 4134; x_wconf 81' lang='lat' dir='ltr'><strong>judicium,</strong></span> 
     </span>
     <span class='ocr_line' id='line_1_36' title="bbox 376 4158 2468 4243; baseline -0.005 -13"><span class='ocrx_word' id='word_1_334' title='bbox 376 4168 427 4230; x_wconf 78' lang='lat' dir='ltr'><strong>is</strong></span> <span class='ocrx_word' id='word_1_335' title='bbox 450 4168 620 4229; x_wconf 81' lang='lat' dir='ltr'><strong>facile</strong></span> <span class='ocrx_word' id='word_1_336' title='bbox 645 4165 881 4238; x_wconf 87' lang='lat' dir='ltr'><strong>sentiet,</strong></span> <span class='ocrx_word' id='word_1_337' title='bbox 903 4183 1005 4224; x_wconf 89' lang='lat' dir='ltr'><strong>cur</strong></span> <span class='ocrx_word' id='word_1_338' title='bbox 1031 4163 1106 4224; x_wconf 86' lang='lat' dir='ltr'><strong>sit</strong></span> <span class='ocrx_word' id='word_1_339' title='bbox 1129 4173 1309 4243; x_wconf 88' lang='lat' dir='ltr'><strong>poeta</strong></span> <span class='ocrx_word' id='word_1_340' title='bbox 1341 4161 1641 4223; x_wconf 88' lang='lat' dir='ltr'><strong>trochaico</strong></span> <span class='ocrx_word' id='word_1_341' title='bbox 1666 4181 1808 4220; x_wconf 89' lang='lat' dir='ltr'><strong>usus</strong></span> <span class='ocrx_word' id='word_1_342' title='bbox 1845 4160 1962 4220; x_wconf 90' lang='lat' dir='ltr'><strong>hoc</strong></span> <span class='ocrx_word' id='word_1_343' title='bbox 1989 4161 2156 4220; x_wconf 86' lang='lat' dir='ltr'><strong>loco:</strong></span> <span class='ocrx_word' id='word_1_344' title='bbox 2193 4158 2468 4220; x_wconf 83' lang='lat' dir='ltr'><strong>nimirum</strong></span> 
     </span>
     <span class='ocr_line' id='line_1_37' title="bbox 377 4265 2470 4352; baseline -0.006 -16"><span class='ocrx_word' id='word_1_345' title='bbox 377 4286 702 4336; x_wconf 64' lang='lat' dir='ltr'><strong>arsamum</strong></span> <span class='ocrx_word' id='word_1_346' title='bbox 730 4270 982 4352; x_wconf 85' lang='lat' dir='ltr'><strong>quodam</strong></span> <span class='ocrx_word' id='word_1_347' title='bbox 1003 4269 1165 4330; x_wconf 75' lang='lat' dir='ltr'><strong>velut</strong></span> <span class='ocrx_word' id='word_1_348' title='bbox 1190 4287 1361 4328; x_wconf 88' lang='lat' dir='ltr'><strong>cursu</strong></span> <span class='ocrx_word' id='word_1_349' title='bbox 1374 4266 1606 4348; x_wconf 76' lang='lat' dir='ltr'><strong>-pedum</strong></span> <span class='ocrx_word' id='word_1_350' title='bbox 1634 4267 1881 4328; x_wconf 88' lang='lat' dir='ltr'><strong>citorum</strong></span> <span class='ocrx_word' id='word_1_351' title='bbox 1910 4271 2175 4343; x_wconf 81' lang='lat' dir='ltr'><strong>juvaret:</strong></span> <span class='ocrx_word' id='word_1_352' title='bbox 2217 4265 2378 4345; x_wconf 89' lang='lat' dir='ltr'><strong>quod</strong></span> <span class='ocrx_word' id='word_1_353' title='bbox 2403 4275 2470 4325; x_wconf 87' lang='lat' dir='ltr'><strong>et</strong></span> 
     </span>
    </p>
   </div>
  </div>
 </body>
</html>
