2917 4900
508 393 690 457 cxiv*
1012 390 1145 455 DE
1208 392 1588 457 METms
1655 390 2094 456 COMICIS.

502 576 641 638 duoe
666 594 845 638 voces
866 576 944 637 ad
970 572 1190 658 pedem
1215 576 1391 638 istum
1420 576 1796 639 efficiendum
1821 584 2263 641 concurrerent.
2329 575 2632 639 Licenti-¹

502 684 681 763 hujus
724 698 911 743 unum
953 683 1318 764 exemplum,
1372 683 1484 744 sed
1517 684 1753 766 insigne
1780 683 2099 746 admodum
2127 682 2287 745 dabo
2313 702 2395 746 ex
2422 683 2621 747 Plauti

506 784 873 851 Trinummo.
899 789 986 850 11.
1015 789 1069 852 1.
1102 792 1241 855 172.

823 921 974 981 Qaae‘
991 937 1142 985 noque
1162 921 1339 972 fri-tura
1357 938 1445 971 noc
1458 936 1502 972 ξ
1520 924 1643 973 sach
1661 926 1775 973 sunt
1791 948 1814 962 ·
1833 930 1987 974 umen
2007 921 2113 974 il=li
2135 921 2310 975 sciunt.

500 1034 561 1096 in
588 1035 705 1097 hoc
730 1055 903 1097 versu
931 1033 1113 1097 cuivis
1138 1035 1515 1098 manifestum
1542 1049 1634 1101 est
1650 1038 1800 1101 duos
1826 1059 1958 1100 esse
1985 1038 2173 1119 pedes
2201 1037 2477 1113 creticos,
2507 1034 2617 1099 sed

503 1141 604 1225 qui
632 1143 1002 1224 dactylorum
1024 1143 1201 1225 plane
1239 1143 1438 1205 vicarii
1465 1155 1625 1206 sunt.
1659 1144 1969 1205 innumera
1993 1154 2130 1206 sunt
2155 1144 2413 1206 licentioe
2446 1144 2620 1221 hujus

500 1248 662 1329 apud
688 1248 848 1308 illum
877 1249 1189 1331 exempla;
1229 1270 1345 1311 nec
1392 1270 1587 1331 pauca
1627 1250 1689 1311 in
1728 1249 2030 1322 Terentio,
2078 1246 2223 1310 licet
2261 1250 2396 1323 hac,
2444 1259 2512 1311 ut
2551 1260 2617 1310 et

499 1352 628 1416 aliis
653 1354 782 1417 fere
809 1356 1097 1430 omnibus,
1125 1357 1339 1429 Plauto
1366 1358 1545 1438 longe
1572 1354 1801 1438 parcius
1830 1365 2065 1427 utatur3
2103 1352 2264 1436 quod
2293 1355 2444 1415 inter
2467 1375 2618 1436 prae-

498 1460 705 1542 cipuas
736 1461 1001 1522 Terentii
1026 1463 1233 1525 laudes
1274 1463 1490 1523 merito
1524 1461 1952 1523 recensendum
1981 1472 2091 1536 est,
2121 1460 2225 1542 qui
2252 1460 2519 1543 quamvis
2548 1460 2614 1521 in

496 1565 765 1641 licentiis,
813 1568 937 1630 sive
980 1588 1180 1630 earum
1227 1589 1531 1629 numerum
1560 1568 1683 1629 sive
1734 1586 1957 1649 genera
1979 1578 2236 1649 spectes,
2263 1565 2614 1628 adhibendis

496 1683 619 1734 tam
647 1693 855 1756 parum
877 1675 989 1735 sibi
1024 1674 1349 1749 indulserit,
1394 1694 1726 1737 sermonem
1753 1685 1955 1737 tamen
1997 1684 2162 1761 tanta
2207 1686 2346 1763 arte·
2383 1686 2615 1756 tempe-

494 1779 663 1853 ravit,
701 1791 769 1840 ut
817 1781 1093 1842 Plautino
1135 1781 1325 1842 minus
1373 1791 1662 1863 assurgat,
1713 1792 1777 1843 et
1822 1780 2164 1864 pedestrem
2208 1781 2396 1842 multo
2424 1779 2613 1859 magis

492 1885 733 1948 referat.
761 1887 870 1947 sed
889 1887 966 1948 de
992 1887 1084 1947 his
1111 1889 1416 1949 hactenus.

574 1993 872 2066 Alterum,
898 1992 1060 2074 quod
1086 1993 1314 2074 plurimi
1341 2003 1433 2053 est
1452 1991 1514 2053 in
1537 1992 1657 2054 hoc
1680 2005 2029 2073 argumento
2061 1992 2360 2075 ponderis,
2386 2004 2479 2054 est
2504 2012 2609 2053 ac-

492 2112 700 2162 centus
728 2119 904 2181 quem
934 2098 1081 2168 dixi,
1126 2117 1237 2158 seu
1263 2107 1458 2178 tenor,
1499 2118 1621 2179 quo
1647 2099 1892 2159 verbum
1934 2101 2260 2160 secundum
2287 2096 2612 2179 legitimam

489 2198 904 2289 pronuntiandi
952 2202 1241 2266 rationem
1286 2204 1642 2266 modulatur.
1741 2204 1830 2266 Ut
1875 2202 2030 2267 enim
2066 2205 2167 2267 ille
2214 2225 2336 2265 non
2383 2215 2610 2265 temere

491 2312 816 2373 movendus
851 2330 967 2371 nec
1016 2310 1246 2390 syllaba
1279 2330 1459 2391 quam
1486 2321 1763 2393 occupat,
1795 2330 1876 2372 ex
1902 2311 2082 2392 longa
2120 2310 2182 2371 in
2208 2312 2448 2372 brevem
2474 2329 2609 2369 mu-

491 2418 690 2494 tanda,
712 2467 715 2472 .
738 2418 825 2481 ita
865 2417 1111 2479 aliarum
1154 2417 1512 2501 syllabarum
1557 2417 1871 2500 quantitas,
1918 2422 2043 2498 ejus
2091 2416 2415 2500 praesertim
2467 2432 2608 2498 qum

489 2537 727 2589 acutam
752 2524 1023 2607 proxime
1049 2524 1354 2605 praecedit,
1400 2525 1476 2586 ab
1520 2543 1594 2585 eo
1643 2524 1952 2605 plurimum
1994 2525 2217 2606 pendet
2240 2549 2258 2596 ;
2306 2535 2370 2586 et
2417 2524 2606 2584 maxi-

486 2652 713 2693 marum
749 2631 1121 2693 licentiarum
1167 2631 1317 2691 ratio
1359 2631 1496 2691 inde
1541 2642 1632 2691 est
1673 2631 1954 2712 petenda.
2011 2631 2191 2699 Quod
2218 2642 2285 2690 ut
2311 2629 2606 2710 intelliga-

487 2757 641 2810 mus,
689 2739 824 2799 haec
865 2757 1061 2819 pauca
1104 2736 1370 2818 principii
1418 2737 1552 2798 loco
1587 2738 1665 2799 de
1693 2748 1904 2798 natura
1930 2747 1993 2798 et
2019 2736 2077 2797 vi
2105 2747 2387 2798 accentus
2414 2736 2603 2818 probe

488 2844 748 2907 tenenda
773 2856 928 2905 sunt.

566 2951 790 3024 Prim0‚
820 2952 882 3011 in
911 2950 1067 3012 omni
1093 2970 1244 3012 voce
1266 2970 1397 3012 esse
1426 2961 1683 3024 acutam,
1700 2971 1952 3033 eamque
1980 2970 2159 3012 unam
2185 2960 2436 3011 tantum.

571 3058 867 3132 Secundo,
896 3057 1162 3120 ultimam
1186 3076 1484 3137 nunquam
1513 3075 1644 3117 esse
1684 3066 1936 3130 acutam,
1967 3056 2220 3138 ideoque
2242 3056 2306 3115 in
2329 3055 2600 3146 dissylla-

485 3166 575 3228 bis
612 3167 871 3248 priorem
914 3185 1152 3246 semper
1192 3166 1350 3238 acui;
1395 3163 1557 3226 unde
1584 3162 1652 3223 fit
1673 3173 1740 3223 ut
1765 3163 1987 3223 ultimae
2014 3161 2225 3223 exilius
2269 3171 2503 3235 sonent,
2534 3172 2604 3223 et

484 3271 791 3334 obscurius
819 3269 1149 3331 audiantur.

568 3353 790 3466 Tertio,
828 3374 891 3434 in
938 3373 1316 3457 polysyllabis
1360 3376 1708 3452 secundam,
1738 3376 1787 3437 si
1814 3378 1996 3458 longa
2022 3376 2116 3449 sit,
2159 3385 2397 3437 acutam
2425 3394 2598 3446 esse3

482 3482 627 3544 alias
644 3480 877 3542 tertiam
905 3481 979 3542 ab
1010 3492 1301 3553 extremm
1323 3482 1475 3543 intra
1496 3483 1674 3543 trium
1692 3483 1847 3544 enim
1875 3482 2232 3565 syllabarum
2261 3500 2594 3554 numerum,

480 3589 604 3652 sive
629 3589 725 3649 hae
753 3586 814 3647 in
839 3588 1020 3648 verbo
1047 3587 1190 3649 soloe
1234 3587 1365 3661 sint,
1410 3589 1536 3649 sive
1578 3589 1821 3663 ultimae,
1861 3599 2095 3649 acutam
2133 3607 2367 3668 semper
2403 3586 2595 3647 conti-

466 3683 636 3759 neri:
662 3694 942 3776 ideoque,
970 3693 1018 3755 si
1041 3694 1239 3775 plures
1266 3704 1499 3755 acutam
1520 3677 1948 3777 praecesserint,
1980 3713 2184 3756 omnes
2205 3713 2415 3775 graves
2438 3713 2591 3769 esse,

480 3804 702 3887 pariter
728 3825 801 3865 ac
829 3803 980 3876 illas,
1010 3823 1145 3885 quae
1174 3814 1523 3884 sequuntur.
2521 3801 2528 3810 ’

561 3912 811 3984 Quarto,
836 3928 969 3970 cum
984 3908 1245 3989 syllabas,
1266 3928 1441 3989 quam
1458 3918 1670 3969 acutus
1687 3917 1857 3966 tenor
1879 3916 2151 3986 occupat,
2170 3923 2245 3966 ex
2258 3902 2588 3964 intentione

482 4019 631 4098 ejus,
658 4037 811 4076 nova
834 4016 1107 4096 quaedam
1132 4014 1426 4095 quantitas
1454 4013 1724 4085 accedat,
1755 4010 1908 4075 istud
1948 4012 2378 4073 incrementum
2406 4031 2592 4092 quan·

478 4124 662 4187 titatis
689 4123 763 4184 de
810 4121 1036 4203 syllaba
1071 4121 1343 4202 proxime
1379 4119 1756 4203 praecedente
1783 4117 2216 4199 quodammodo
2246 4116 2477 4179 detrahi
2501 4116 2590 4177 vi-

477 4229 668 4302 detur,
698 4228 836 4288 dum
863 4246 981 4288 vox
1004 4226 1296 4307 loquentis
1324 4246 1428 4307 per
1455 4246 1586 4287 eam
1613 4237 1782 4309 rapte
1799 4217 2003 4299 fertur,
2035 4238 2102 4287 ut
2130 4226 2201 4286 ad
2231 4237 2466 4287 acutam
2490 4241 2590 4286 ve-

479 4335 620 4411 niat,
651 4334 710 4395 in
738 4355 853 4416 qua
881 4333 1161 4416 insignior
1188 4354 1351 4397 mora
1393 4333 1687 4397 facienda.
1729 4334 1873 4398 hinc
1924 4355 2034 4396 usu
2081 4333 2243 4397 venit
2271 4343 2336 4397 ut
2362 4332 2591 4417 syllaba
