2917 4900
439 372 597 434 exii·
940 369 1069 430 DE
1130 366 1518 432 ME‘rms.
1582 354 2017 432 comem.

446 551 658 625 fectus,
688 562 793 612 aut
807 546 902 615 ,rei
937 551 1015 612 de
1041 571 1161 632 qua
1187 551 1380 633 agitur
1400 561 1611 613 namra
1641 549 1926 632 postulet,
1947 560 2020 610 ut
2058 547 2122 611 in
2159 549 2279 611 hoe
2320 549 2416 612 vel
2441 549 2548 615 illo

444 659 631 720 verbo
650 658 926 738 insignior
946 678 1112 719 mora
1130 657 1255 720 fiat.

533 765 599 826 Si
625 765 752 849 quis
784 746 937 825 adeo
957 765 1161 825 barum
1188 784 1384 826 rerum
1418 763 1744 826 incuriosus
1773 777 1884 837 est,
1905 778 1972 825 ut
2008 765 2151 824 nihil
2186 781 2441 842 unquam
2467 761 2550 823 de

446 869 922 953 pronuntiatione
949 870 1169 950 linguae
1196 868 1306 931 sibi
1332 870 1661 930 vernaculae
1683 870 1976 950 cogitarit,
2004 868 2145 949 quid
2166 867 2340 928 velim
2371 866 2552 927 facile

450 974 840 1056 intelliget,*si
872 975 934 1034 in
962 976 1221 1037 animum
1266 982 1526 1048 revocet,
1561 976 1704 1056 quid
1744 976 1872 1057 ipse
1915 975 2181 1047 senserit,
2209 974 2259 1034 si
2294 990 2554 1053 unquam

448 1066 717 1143 homines
737 1094 968 1161 exteros
987 1082 1233 1143 audierit
1259 1101 1531 1143 sermone
1551 1084 1863 1163 peregrino
1881 1094 1943 1143 et
1960 1083 2070 1143 sibi
2083 1101 2320 1163 prorsus
2346 1080 2553 1158 ignoto

451 1174 873 1268 colloquentes.
901 1207 1097 1248 nonne
1120 1187 1235 1269 ipsi
1267 1188 1535 1250 visisunt
1560 1191 1720 1251 miris
1741 1191 1931 1252 modis
1958 1190 2138 1250 verba
2163 1186 2550 1268 praecipitare,

410 1384 423 1397 ⁸
446 1292 730 1367 incidere,
757 1293 1064 1361 devorare,
1093 1303 1155 1352 et
1182 1292 1486 1354 dimidiata
1512 1294 1763 1374 plurima
1799 1298 2086 1379 proferre,
2115 1305 2183 1355 ut
2206 1293 2350 1355 nihil
2376 1292 2552 1373 plane

452 1409 515 1461 et
535 1399 809 1460 distincte
837 1399 1098 1461 exaudiri
1125 1401 1383 1480 potuerit
1398 1401 1429 1458 P
1473 1402 1667 1464 Immo
1695 1402 1796 1484 qui
1816 1414 2063 1464 eatenus
2090 1400 2348 1480 linguam
2376 1397 2559 1465 exoti-

452 1526 587 1568 oam
611 1516 838 1580 tenent,
854 1517 922 1567 ut
948 1506 1169 1587 scripta
1194 1507 1378 1567 oculis
1404 1509 1679 1587 subjecta
1697 1509 1886 1589 probe
1903 1506 2250 1586 intelligant,
2274 1504 2388 1565 illis
2414 1503 2556 1583 ipsis

453 1613 722 1674 homines
750 1612 954 1692 Lingua
978 1613 1093 1672 ista
1115 1614 1567 1673 confabulantes
1593 1625 1760 1675 tanta
1780 1614 2081 1675 celeritate
2106 1614 2286 1673 verba
2304 1610 2560 1673 fundere

453 1718 745 1791 videntur,
796 1728 864 1778 ut
913 1738 1033 1779 non
1081 1716 1260 1779 modo
1307 1718 1512 1792 literas,
1561 1728 1664 1778 aut
1699 1718 1962 1800 syllabae,
1992 1718 2100 1778 sed
2125 1718 2354 1797 integra
2380 1716 2557 1783 etiam

455 1824 636 1886 verba
660 1844 821 1906 saepe
849 1844 954 1886 eos
979 1824 1230 1905 fugiant.
1248 1826 1410 1905 quod
1434 1846 1575 1886 vero
1606 1844 1716 1886 nos
1752 1824 1828 1885 de
1856 1822 2072 1885 exteris
2094 1821 2564 1903 colloquentibus

446 1931 763 2005 sentimus,
810 1932 969 1992 idem
994 1931 1079 1990 illi
1106 1931 1283 1993 etiam
1303 1931 1381 1992 de
1408 1930 1599 1992 nobis·
1661 1929 1843 1995 Quod
1865 1927 2127 1989 ostendit
2152 1926 2268 1988 hoc
2292 1926 2560 1989 omnibus

455 2036 673 2117 linguis
689 2049 903 2098 natura
915 2036 1156 2097 insitum
1183 2056 1334 2111 esse,
1363 2048 1432 2097 ut
1471 2034 1721 2101 celerius
1741 2032 2135 2115 proferantur,
2162 2048 2337 2114 quam
2358 2034 2562 2113 legan-

458 2153 578 2216 tur,
608 2162 746 2203 cum
778 2143 964 2204 multa
988 2163 1120 2223 quoe
1146 2143 1321 2224 plene
1358 2140 1709 2212 scribuntur,
1751 2158 1872 2199 non
1889 2151 2088 2200 tamen
2107 2139 2281 2219 plene
2306 2156 2563 2219 pronun·

462 2246 724 2319 tionum
765 2247 871 2309 sed
916 2249 1450 2329 interloquendum
1478 2247 1594 2309 alia
1617 2257 1960 2329 premantur
1989 2245 2237 2326 penitus,
2266 2246 2382 2307 alia
2401 2245 2573 2306 muti-

458 2353 677 2427 lentur,
705 2354 779 2415 ab
803 2354 929 2415 aliis
954 2356 1146 2435 asperi
1168 2354 1385 2435 aliquid
1411 2355 1745 2429 abradatur,
1787 2353 1914 2414 aliis
1938 2372 2047 2417 sua
2064 2350 2354 2432 quantitas
2383 2351 2564 2431 insig-

459 2459 618 2521 niter
655 2460 1066 2533 imminuatur-3
1119 2462 1235 2526 alia
1275 2461 1529 2542 denique
1577 2472 1701 2526 tam
1736 2460 1948 2542 raptim
1980 2458 2316 2531 efferantur,
2341 2468 2409 2518 ut
2442 2478 2566 2525 non

465 2567 647 2628 modo
671 2565 805 2627 duae
824 2579 1018 2629 tresve
1045 2568 1308 2650 syllabae,
1349 2567 1457 2629 sed
1479 2568 1776 2628 interdum
1803 2566 1981 2630 etiam
2016 2565 2135 2626 duo
2174 2563 2271 2625 vel
2304 2563 2419 2625 tria
2435 2583 2568 2658 vers·

448 2672 542 2733 -ba
571 2672 634 2732 in
659 2691 839 2733 unum
857 2674 1142 2735 coaluisse
1162 2675 1487 2736 videantur.

547 2778 638 2843 Ut
654 2778 787 2840 haec
806 2781 1223 2860 pronuntiandi
1242 2781 1390 2843 ratio
1427 2781 1489 2840 in
1521 2800 1721 2842 scoeua
1747 2780 1923 2844 etiam
1951 2792 2298 2854 servaretur,
2318 2799 2568 2846 necesse

461 2885 578 2946 fuit
596 2897 663 2946 ut
681 2896 879 2966 poetae
896 2885 960 2948 in
985 2886 1246 2947 versibus
1268 2887 1715 2967 compingendis
1741 2907 1861 2948 non
1889 2897 2010 2947 tam
2047 2897 2403 2968 spectarent,
2426 2886 2568 2969 quid
2610 2958 2616 2973 1

465 2992 670 3053 oculus
696 2990 972 3072 postulet,
994 3010 1169 3070 quam
1193 2990 1335 3071 quid
1359 2992 1439 3051 ab
1462 3010 1601 3052 aure
1624 2977 2026 3065 desideratum
2051 2992 2399 3072 qualemque
2425 2993 2572 3072 puh-

466 3095 580 3159 lioe
602 3096 827 3160 recitati
846 3116 1051 3169 sonum
1078 3096 1340 3158 effecturi
1359 3106 1577 3170 essent,
1595 3097 1787 3176 potius
1810 3115 1986 3178 quam
2008 3115 2125 3177 qua
2146 3095 2347 3177 specie
2369 3107 2570 3164 essent

454 3203 648 3269 ‘tacite
672 3205 834 3268 lecti.

549 3311 708 3376 Hoec
727 3330 870 3373 vera
895 3309 1062 3390 origo
1086 3322 1264 3390 atque
1288 3309 1514 3382 unicuS,
1533 3311 1761 3393 opinor,
1778 3312 1912 3373 fons
1937 3313 2277 3373 licentiarum
2300 3311 2426 3373 fere
2447 3332 2570 3373 om-

450 3415 653 3487 .nium,
703 3435 835 3495 quoe
877 3414 937 3476 in
974 3425 1240 3476 veterum
1278 3416 1632 3482 comicorum
1674 3407 1903 3498 scriptis
1945 3429 2280 3491 occurrunt,
2321 3437 2571 3499 quaeque

470 3529 663 3582 tantas
689 3518 1035 3580 offensiones
1056 3521 1335 3598 objiciunt
1353 3522 1673 3590 lectoribus
1707 3523 1915 3582 harum
1956 3542 2147 3585 rerum
2183 3523 2484 3602 imperitis,
2509 3534 2573 3584 et

454 3624 716 3688 eruditis
743 3624 939 3700 etiam,
960 3627 1059 3707 qui
1080 3647 1290 3689 causas
1316 3648 1518 3690 earum
1544 3628 1894 3709 investigare
1929 3628 2345 3707 neglexerunt.
2435 3629 2572 3692 Ple-

470 3749 675 3812 roeque
703 3730 858 3792 enim
886 3750 1087 3796 omnes
1116 3734 1328 3795 eodem
1370 3735 1640 3806 tendunt,
1677 3744 1743 3794 ut
1768 3753 1937 3795 veras
1965 3734 2318 3815 syllabarum
2345 3735 2574 3815 quanti-

471 3845 622 3901 tates
674 3831 1037 3912 imminuant,
1097 3850 1158 3899 et
1197 3840 1489 3921 prosodiae
1534 3840 1762 3920 legibus
1804 3839 2187 3922 producenda
2236 3841 2572 3921 corripiant,

472 3960 592 4020 quo
613 3942 692 4003 ad
710 3943 1051 4023 popularem
1079 3944 1359 4025 loquendi
1392 3947 1874 4009 consuetudinem
1903 3948 2031 4028 ipsa
2063 3967 2298 4029 quoque
2326 3968 2579 4029 pronun-

454 4046 715 4110 .tiatione
753 4048 996 4128 propius
1022 4049 1336 4111 accedant:
1381 4071 1557 4130 quam
1595 4055 1736 4114 dum
1784 4065 2216 4129 consectantur,
2265 4054 2576 4133 longitudo

456 4153 574 4226 -illa
594 4173 668 4215 ex
691 4155 1134 4217 consonantium
1159 4158 1446 4239 positione
1486 4169 1610 4220 orta
1633 4159 1848 4220 frustra
1871 4161 1941 4219 iis
1968 4162 2193 4231 obstat3
2233 4160 2296 4221 in
2332 4159 2577 4240 syllaba

475 4259 801 4352 quantitate
838 4260 1178 4340 aestimanda
1201 4263 1280 4328 ad
1320 4264 1540 4350 vocalis
1573 4264 1942 4332 solummodo
1978 4276 2265 4341 naturam,
2305 4285 2438 4356 quta
2465 4263 2582 4356 Syl·
