2917 4900
530 342 675 424 ffin'
1039 364 1167 427 na
1235 360 1614 426 Ms‘rms
1685 356 2122 424 comem.

535 551 715 624 paeto
756 543 984 624 syllaba
1030 545 1244 619 brevis,
1285 564 1419 627 ques
1461 544 1522 604 in
1569 545 1845 607 trochaico
1888 560 2063 606 versu
2108 540 2367 604 secunda
2401 539 2531 615 fuit,
2571 540 2637 601 in

415 714 426 727 .
518 650 767 729 jmubico
810 650 1042 715 tertiam
1084 652 1291 713 sedem
1315 651 1656 732 occupabit,
1707 651 1747 712 i.
1796 670 1850 711 e.
1899 648 2196 711 secundus
2217 666 2325 729 pes
2353 646 2466 709 erit
2481 651 2637 724 Jam-

537 756 669 827 hm,
713 765 890 836 nque
926 757 1221 838 ita-porro
1268 758 1330 819 in
1372 759 1588 821 ceteris
1628 758 1865 840 paribus
1907 757 2076 819 locis.
2160 755 2287 817 Sed
2307 774 2382 816 ea
2405 765 2642 817 veteres

536 860 751 922 comici
779 863 867 923 usi
895 874 1034 923 sunt
1058 863 1316 937 licentia,
1344 875 1412 924 ut
1434 865 1498 925 in
1524 865 1684 927 omni
1712 865 1858 926 sede
1900 874 2117 945 proeter
2152 861 2417 929 ultimam
2455 880 2638 941 spon·

535 964 711 1027 deum
751 969 847 1029 vel
890 969 1158 1049 spondeo
1204 989 1408 1050 parem
1451 970 1811 1050 reciperent,
1840 970 2002 1030 unde
2036 968 2276 1048 exurgit
2302 986 2421 1028 non
2445 965 2642 1027 minor

535 1084 859 1134 metrorum
886 1074 947 1134 in
967 1074 1085 1136 hoc
1106 1095 1325 1155 genere
1362 1075 1693 1156 congeries,
1723 1096 1902 1156 quam
1929 1094 2063 1155 quoe
2089 1092 2277 1153 genus
2305 1073 2640 1134 trochaicam

535 1177 899 1258 ingreditur:
950 1180 1056 1242 sed
1083 1182 1157 1243 ab
1190 1182 1306 1243 hac
1333 1202 1486 1243 nova
1506 1182 1731 1264 pedum
1771 1178 2229 1260 compositorum
2264 1176 2422 1238 mole
2447 1175 2641 1238 lector

532 1282 892 1359 liberabitur,
924 1306 1059 1347 curn
1075 1288 1412 1369 perspiciet,
1439 1287 1736 1368 quomodo
1763 1306 1965 1348 versus
1986 1286 2266 1365 jmnbicm
2290 1302 2329 1344 a
2354 1284 2640 1344 trochaico

535 1389 881 1451 deducatur.
968 1393 1253 1453 Trochaici
1292 1395 1599 1454 tetrametri
1632 1393 1942 1454 catalectici
1978 1390 2316 1471 exemplum
2341 1390 2463 1450 hoc
2487 1397 2638 1450 erat.

913 1533 1613 1587 Phonni-oneuephormi-mm
1635 1533 1658 1567 ¹
1680 1531 2276 1583 Phanai-mmmmm.

534 1667 768 1729 appone
803 1649 1089 1730 syllabam
1113 1648 1414 1730 principio,
1459 1660 1524 1709 et
1560 1667 1639 1709 ex
1665 1649 1779 1710 hoc
1814 1658 1989 1710 versu
2027 1647 2134 1709 fiet
2149 1648 2432 1727 jmbicue
2465 1655 2639 1707 tetra·

530 1766 700 1816 meter
727 1759 1077 1827 acatalectus,

852 1886 978 1935 Prot·
1010 1885 1337 1942 mammem,
1374 1883 1700 1945 Phormionem,
1733 1884 2061 1942 thu‘onem,
2089 1883 2318 1934 Phormio.

527 2001 686 2081 quod
707 2001 765 2060 in
785 2012 974 2060 metra
985 1997 1247 2076 jambica
1272 1997 1612 2059 distinctum
1630 1998 1787 2059 hanc
1811 1997 2059 2067 formam
2079 1993 2308 2072 induet,

638 2134 647 2139 “
769 2128 895 2179 Proh
927 2127 1290 2178 Phor-mimam
1323 2127 1692 2178 Phor-mimam
1727 2125 2093 2176 Phor-nixam
2124 2127 2369 2177 Phor-mio.

526 2265 646 2326 quo
686 2244 829 2305 nihil
869 2243 1268 2316 invenustius3
1303 2244 1393 2305 sin
1438 2243 1724 2324 syllabam
1766 2262 1941 2324 quam
1970 2243 2257 2325 principio
2294 2242 2632 2321 addideras,

523 2349 754 2432 virgula
795 2350 1064 2431 apposita
1094 2370 1131 2410 a
1157 2348 1534 2430 sequentibus
1563 2350 1888 2423 abscindas,
1915 2362 2106 2411 metra
2134 2370 2269 2431 quae
2295 2362 2632 2431 supersunt,

527 2468 698 2519 erunt
726 2457 922 2518 omnia
962 2456 1171 2518 eadem
1199 2477 1333 2538 quae
1369 2458 1544 2538 prius,
1574 2479 1788 2540 nempe
1830 2461 2107 2519 ditrochoei
2129 2482 2148 2518 .-
2176 2459 2334 2521 unde
2362 2460 2631 2540 sequitur

505 2565 811 2643 jmnbicmn
859 2571 1234 2622 tetrametrum
1281 2564 1638 2624 acatalectum
1679 2563 1991 2625 commode
2034 2563 2286 2644 spectari
2331 2584 2529 2645 posse,
2559 2577 2629 2625 ut

525 2669 917 2749 compositum
944 2687 1020 2728 ex
1046 2667 1276 2748 syllaba
1311 2687 1419 2728 seu
1445 2670 1768 2751 semipede,
1812 2669 1998 2729 tribus
2026 2668 2381 2744 ditrochaeis,
2408 2681 2470 2731 et
2496 2691 2629 2731 cre-

478 2843 491 2861 ⁸
521 2775 646 2836 tico
675 2793 784 2835 seu
810 2774 1069 2854 dactylo,
1092 2792 1227 2858 cum
1248 2773 1451 2835 ultima
1475 2795 1676 2837 versus
1700 2775 1930 2856 syllaba
1954 2774 2277 2835 communis
2304 2775 2415 2846 sit;
2444 2786 2549 2836 aut
2576 2777 2630 2836 si

518 2881 766 2963 primam
782 2879 987 2941 cretici
1005 2878 1292 2960 syllabam
1309 2879 1370 2940 in
1387 2880 1531 2941 duas
1548 2882 1754 2941 breves
1774 2880 2050 2955 resolvas,
2075 2881 2627 2961 proceleusmatico.

521 2987 786 3049 Ut·scias
812 2986 1014 3066 igitur,
1044 3004 1122 3047 an
1147 2986 1319 3063 huius
1346 2986 1580 3066 generis
1605 3005 1810 3048 versus
1835 2987 1911 3047 sit
1940 2988 2196 3047 numeris
2224 2986 2342 3048 suis
2367 2986 2625 3068 integer,

520 3114 641 3154 non
667 3112 816 3174 opus
856 3102 968 3165 est,
997 3101 1066 3152 ut
1096 3092 1177 3152 ad
1213 3091 1399 3172 pedes
1423 3093 1718 3171 janebicos,
1747 3112 1855 3154 seu
1875 3102 2067 3153 metra
2092 3113 2166 3154 ex
2192 3093 2263 3154 iis
2290 3094 2623 3175 composita

515 3198 859 3279 confugiam
884 3202 1105 3274 rejecta
1125 3197 1199 3257 ab
1229 3197 1396 3257 initio
1420 3174 1648 3278 syn'aba
1671 3196 1766 3256 vel
1803 3197 2123 3278 semipede,
2152 3198 2252 3279 qui
2280 3218 2439 3280 saepe
2466 3200 2617 3261 dua-

507 3307 620 3367 bus
656 3311 886 3367 constat
930 3294 1188 3384 syllabis,
1232 3317 1450 3384 quaere·
1471 3301 1667 3376 modo,
1706 3322 1784 3363 an
1827 3303 2121 3383 supersint
2146 3315 2268 3364 tres
2309 3304 2619 3365 ditrochoei

517 3431 653 3474 cum
689 3411 922 3488 cretico,
953 3410 1047 3471 vel
1073 3409 1231 3490 pede
1274 3409 1497 3471 cretico
1532 3411 1693 3490 pari:
1721 3409 1882 3489 quod
1921 3410 1972 3471 si
2012 3430 2134 3473 rem
2174 3410 2259 3471 ita
2293 3430 2359 3471 se
2395 3411 2620 3473 habere

515 3515 891 3598 compereris,
942 3525 1106 3574 certo
1141 3514 1257 3575 scis
1283 3513 1361 3574 ad
1387 3534 1618 3575 versum
1649 3525 1811 3577 recte
1838 3516 2314 3579 constituendum
2340 3517 2485 3577 nihil
2516 3518 2618 3580 de-

512 3622 792 3694 siderari3
834 3621 1129 3704 quantitas
1153 3640 1279 3694 sua,
1308 3637 1585 3683 numerus
1604 3620 1688 3681 illi
1712 3642 1849 3683 suus
1882 3633 2133 3684 constat.

599 3730 802 3808 Atque
838 3728 979 3788 hinc
1019 3728 1212 3788 lector
1257 3725 1414 3788 clare
1441 3726 1658 3801 videat,
1695 3739 1977 3809 quantum
2016 3729 2076 3789 in
2118 3749 2186 3791 re
2226 3729 2474 3791 metrica
2499 3741 2622 3791 tra-

512 3834 709 3897 denda
753 3832 979 3894 factum
1022 3831 1097 3893 sit
1124 3831 1537 3913 compendium
1577 3835 1811 3914 agendo
1839 3835 2085 3915 primum
2105 3834 2184 3896 de
2210 3836 2483 3897 trochaico
2509 3856 2618 3916 ge.

512 3959 675 4012 nere,
717 3948 784 3999 et
825 3956 905 3999 ex
953 3937 1061 3996 illo·
1080 3938 1385 4018 jambicum
1427 3936 1801 4014 deducendo,
1845 3950 2049 4003 eontra
2087 3961 2265 4022 quam
2304 3942 2481 4022 vulgo
2509 3942 2619 4014 fit;

509 4059 645 4107 eum
692 4044 810 4104 hoc
845 4053 1024 4122 pacto
1067 4042 1169 4121 qui
1194 4061 1394 4110 *unum
1439 4044 1617 4119 novit,
1658 4049 1830 4109 ambo
1858 4047 2126 4121 noverit;
2168 4047 2391 4107 nullum
2419 4048 2532 4107 erit
2556 4049 2618 4108 ei

508 4150 809 4232 negotium
853 4167 988 4212 eum
1031 4148 1283 4230 pedibus
1310 4150 1610 4229 Jambicis,
1644 4152 1788 4213 iisve
1835 4154 2070 4234 pedum-
2091 4150 2615 4232 compositionibus

506 4239 858 4333 neu'metris]
886 4277 1025 4339 qun
1062 4275 1249 4337 genus
1277 4257 1581 4334 jmbicum
1617 4259 2024 4328 constituunt;
2058 4277 2194 4339 quoe
2235 4270 2299 4320 et
2329 4257 2483 4320 seire
2525 4258 2613 4319 la-
