2917 4900
433 358 591 420 exii*
936 355 1065 417 DE
1126 353 1508 419 Manus
1578 340 2012 419 comem.

440 537 654 610 fectus,
683 532 898 601 autrei
932 537 1011 599 de
1038 558 1157 619 qua
1182 537 1377 619 agitur
1397 548 1606 600 nauita
1637 536 1920 619 postulet,
1943 546 2015 598 ut
2051 534 2116 597 in
2155 535 2273 598 hoc
2316 537 2412 599 vel
2437 537 2544 601 illo

439 643 626 706 verbo
646 643 923 724 insignior
941 664 1108 706 mora
1125 644 1250 707 fiat.

528 751 593 812 Si
620 751 748 837 quis
778 752 932 811 adeo
952 752 1159 812 harum
1184 771 1381 812 rerum
1413 750 1741 813 incuriosus
1768 763 1879 824 est,
1900 763 1969 813 ut
2003 751 2144 812 nihil
2182 753 2444 830 unquam
2463 748 2546 811 de

441 856 918 940 pronuntiatione
945 857 1165 937 linguse
1191 855 1302 918 sibi
1326 856 1657 916 vernaculae
1679 856 1971 937 cogitarit,
2000 856 2142 937 quid
2161 855 2337 915 velim
2367 853 2547 914 facile

445 963 836 1042 intelliget,·si
868 963 930 1022 in
957 962 1217 1023 animum
1261 968 1523 1033 re'vocet,
1557 963 1700 1042 quid
1740 963 1868 1043 ipse
1910 962 2175 1034 senserit,
2205 961 2254 1021 si
2289 977 2549 1040 unquam

442 1069 712 1130 homines
733 1081 964 1131 exteros
984 1068 1228 1130 audierit
1255 1086 1526 1130 sermone
1547 1070 1859 1149 peregrino
1876 1081 1938 1130 et
1955 1069 2064 1130 sibi
2080 1087 2317 1150 prorsus
2342 1067 2549 1144 ignoto

436 1160 870 1254 colloquentes.
897 1194 1093 1236 nonne
1118 1173 1231 1255 ipsi
1262 1174 1368 1235 visi
1392 1189 1531 1235 sunt
1555 1176 1715 1237 miris
1737 1177 1928 1238 modis
1954 1177 2134 1237 verba
2159 1172 2545 1255 praecipitare,

442 1281 726 1355 incidere,
753 1281 1059 1348 devorare,
1088 1290 1151 1340 et
1178 1278 1481 1341 dimidiata
1505 1281 1759 1361 plurima
1793 1284 2083 1365 proferre,
2112 1291 2178 1341 ut
2201 1280 2346 1341 nihil
2372 1278 2548 1359 plane

404 1370 417 1385 ⁸
449 1398 510 1448 et
531 1386 803 1448 distincte
832 1387 1093 1447 exaudiri
1120 1388 1378 1467 potuerit
1394 1388 1424 1445 Ρ
1467 1389 1662 1450 Immo
1690 1389 1791 1471 qui
1812 1400 2059 1450 eatenus
2085 1386 2343 1466 linguam
2372 1382 2555 1445 exoti-

444 1513 582 1555 cam
606 1505 835 1567 tenent,
850 1504 917 1554 ut
943 1493 1164 1575 scripta
1189 1495 1373 1554 oculis
1399 1496 1674 1574 subjecta
1693 1496 1881 1577 probe
1900 1493 2245 1572 intelligant,
2269 1490 2384 1550 illis
2410 1489 2551 1570 ipsis

448 1600 718 1661 homines
745 1600 950 1679 lingua
975 1599 1089 1658 ista
1110 1601 1563 1660 confabulantes
1589 1612 1756 1661 tanta
1776 1600 2077 1661 celeritate
2102 1600 2279 1659 verba
2300 1597 2556 1659 fundere

448 1705 740 1779 videntur,
791 1715 859 1766 ut
908 1725 1028 1766 non
1077 1703 1255 1765 modo
1301 1705 1507 1778 literoe,
1556 1715 1659 1765 aut
1695 1705 1957 1786 syllabae,
1987 1704 2096 1765 sed
2119 1704 2350 1783 integra
2375 1703 2553 1767 etiam

450 1812 633 1873 verba
655 1831 817 1893 soepe
846 1832 949 1874 eos
974 1810 1225 1891 fugiant.
1243 1813 1405 1893 quod
1430 1832 1570 1873 vero
1602 1830 1711 1871 nos
1746 1811 1824 1871 de
1852 1809 2068 1873 exteris
2089 1809 2559 1890 colloquentibus

444 1918 756 1991 sentimus,
804 1919 963 1979 idem
988 1918 1073 1977 illi
1101 1917 1277 1980 etiam
1299 1919 1376 1979 de
1403 1917 1594 1978 nobis.
1656 1915 1838 1982 Quod
1864 1913 2122 1976 ostendit
2148 1913 2264 1974 hoc
2287 1913 2554 1975 omnibus

450 2023 668 2103 linguis
685 2028 898 2085 natura
909 2023 1150 2084 insitum
1177 2042 1329 2098 esse,
1360 2034 1427 2084 ut
1466 2020 1716 2087 celerius
1735 2018 2129 2101 proferantur,
2157 2034 2331 2100 quam
2354 2020 2558 2099 legan-

453 2139 573 2201 tur,
604 2148 742 2190 cum
774 2130 959 2190 multa
983 2150 1115 2210 quae
1140 2130 1316 2211 plene
1353 2126 1705 2198 scribuntur,
1746 2144 1866 2185 non
1884 2137 2084 2186 tamen
2103 2125 2277 2205 plene
2300 2142 2559 2205 pronun-

456 2232 719 2305 tienturz
761 2233 869 2295 sed
912 2235 1443 2315 interloquendum
1474 2233 1589 2295 alia
1612 2244 1955 2315 premantur
1984 2230 2233 2312 penitus,
2262 2232 2377 2293 alia
2396 2232 2569 2292 muti-

453 2340 672 2413 lentur,
700 2341 775 2402 ab
799 2341 924 2401 aliis
950 2341 1141 2422 asperi
1162 2340 1380 2422 aliquid
1405 2341 1740 2415 abradatur,
1782 2339 1910 2400 aliis
1933 2357 2041 2403 sua
2059 2335 2351 2418 quantitas
2379 2336 2560 2417 insige-

453 2445 612 2508 niter
650 2446 1061 2519 imminuatur3
1114 2447 1230 2512 alia
1270 2446 1524 2527 denique
1572 2458 1695 2510 tam
1731 2444 1944 2526 raptim
1976 2443 2311 2516 efferantur,
2337 2455 2403 2505 ut
2438 2464 2562 2512 non

458 2554 640 2614 modo
666 2552 800 2615 duoe
820 2565 1013 2616 tresve
1039 2554 1305 2637 syllabae,
1345 2553 1452 2615 sed
1474 2553 1771 2614 interdum
1798 2551 1976 2614 etiam
2010 2549 2130 2611 duo
2169 2549 2265 2611 vel
2299 2547 2414 2611 tria
2432 2569 2564 2619 ver·

444 2660 537 2720 -ba
565 2659 628 2719 in
654 2679 835 2719 unum
852 2659 1137 2722 coaluisse
1158 2661 1481 2722 videantur.
2549 2639 2554 2644 .

542 2764 633 2829 Ut
649 2765 782 2826 haec
801 2766 1218 2846 pronuntiandi
1237 2766 1384 2828 ratio
1422 2767 1482 2826 in
1515 2785 1717 2828 seoena
1742 2766 1919 2828 etiam
1947 2777 2292 2841 servaretur,
2314 2786 2564 2830 necesse

454 2871 570 2933 fuit
590 2883 657 2933 ut
675 2882 874 2953 poetae
892 2871 954 2937 in
980 2871 1240 2933 versibus
1262 2872 1709 2952 compingendis
1735 2892 1857 2932 non
1883 2884 2006 2936 tam
2045 2883 2398 2953 spectarent,
2421 2873 2564 2954 quid
2611 2946 2619 2960 1

456 2978 666 3040 oculus
691 2975 967 3058 postulet,
990 2996 1165 3056 quam
1188 2976 1329 3056 quid
1352 2978 1433 3037 ab
1453 2996 1596 3037 aure
1618 2963 1984 3038 desideretur
2003 3002 2020 3052 ;
2046 2978 2393 3058 qualemque
2420 2979 2567 3058 puh-

461 3081 575 3146 lioe
597 3082 822 3146 recitati
840 3101 1046 3154 sonum
1073 3081 1335 3152 effecturi
1353 3091 1572 3156 essent,
1589 3083 1783 3162 potius
1805 3101 1982 3163 quam
2003 3101 2122 3163 qua
2141 3083 2342 3164 specie
2365 3095 2565 3148 essent

461 3191 642 3255 tacite
666 3191 830 3256 lecti.

543 3297 704 3362 Hoec
722 3316 865 3360 vera
890 3295 1056 3376 origo
1081 3306 1259 3377 atque
1283 3296 1509 3369 unicus,
1528 3297 1757 3378 opinor,
1773 3298 1907 3359 fons
1934 3299 2272 3359 licentiarum
2295 3298 2421 3359 fere
2443 3317 2567 3360 om-

444 3400 647 3474 nium,
697 3421 831 3481 quse
872 3400 933 3462 in
969 3412 1236 3463 veterum
1273 3402 1627 3468 comicorum
1668 3393 1899 3485 scriptis
1941 3416 2275 3477 occurrunt,
2316 3424 2568 3484 quaeque

464 3516 658 3568 tantas
682 3504 1030 3567 offensiones
1051 3507 1329 3584 objiciunt
1348 3509 1668 3578 lectoribus
1701 3509 1911 3569 harum
1950 3528 2143 3572 rerum
2178 3509 2479 3589 imperitis,
2504 3521 2569 3572 et

446 3611 710 3675 -eruditis
737 3611 934 3685 etiam,
955 3613 1054 3692 qui
1077 3633 1285 3676 causas
1312 3635 1512 3677 earum
1540 3614 1890 3695 investigare
1925 3614 2339 3693 neglexerunt.
2429 3615 2569 3678 Ple-

464 3736 670 3799 roeque
696 3716 853 3778 enim
881 3737 1082 3782 omnes
1112 3720 1322 3781 eodem
1366 3721 1635 3793 tendunt,
1673 3731 1739 3781 ut
1762 3740 1932 3782 veras
1959 3721 2314 3802 syllabarum
2342 3721 2572 3802 quanti·

464 3832 615 3886 tates
669 3819 1032 3897 imminuant,
1091 3837 1153 3885 et
1192 3826 1484 3907 prosodiae
1528 3826 1757 3907 legibus
1799 3826 2183 3907 producenda
2232 3828 2568 3908 corripiant,

465 3948 585 4007 quo
606 3927 685 3989 ad
702 3929 1046 4009 popularem
1073 3931 1354 4012 loquendi
1387 3933 1870 3994 consuetudinem
1899 3933 2026 4014 ipsa
2060 3953 2294 4014 quoque
2322 3954 2574 4015 pronun-

448 4032 708 4096 -tiatione
747 4033 992 4115 propius
1018 4035 1331 4098 accedantz
1376 4057 1552 4117 quam
1589 4041 1730 4100 dum
1780 4050 2211 4113 consectantur,
2261 4040 2572 4119 longitudo

448 4140 568 4212 -illa
587 4160 661 4202 ex
683 4142 1129 4204 consonantium
1154 4144 1441 4226 positione
1481 4156 1605 4206 orta
1627 4143 1844 4206 frustra
1865 4146 1937 4206 iis
1961 4147 2188 4218 obstat3
2229 4145 2292 4207 in
2327 4145 2573 4227 syllabus

468 4247 796 4338 quantitate
832 4248 1173 4328 aestimanda
1196 4251 1275 4314 ad
1315 4250 1536 4316 vocalis
1569 4250 1938 4316 solummodo
1973 4262 2261 4328 naturam,
2301 4272 2434 4342 quus
2461 4251 2578 4342 syl-
