2917 4900
523 396 747 457 cxxiv*
974 381 1144 458 ‘DE
1207 392 1622 459 METRIS
1683 393 2160 459 commu.

519 575 806 636 mirantur
824 594 1027 638 omnes
1060 588 1352 638 venustas.
1399 577 1580 645 Quod
1598 598 1737 640 vero
1763 578 2079 659 tragoedias
2105 576 2349 640 Latinas
2374 580 2630 659 operm,

519 702 595 744 ex
625 684 858 745 Seneca
876 687 1032 746 male
1050 687 1344 763 judicatur
1373 686 1448 746 de
1475 686 1588 748 illis
1616 687 1714 767 qui
1738 685 2028 747 Terentio
2058 695 2228 747 erant
2249 685 2348 748 vel
2373 686 2629 766 antiqui-

518 804 653 849 ores
670 790 767 850 vel
787 801 965 851 aetate
992 810 1185 871 pares,
1216 810 1350 852 cum
1376 792 1539 873 apud
1574 812 1678 853 eos
1706 792 1885 853 etiam
1909 792 2139 852 numeri
2163 793 2350 852 multo
2372 792 2491 853 sint
2512 792 2626 853 im-

515 897 780 976 puriores
814 917 990 976 quam
1033 896 1195 977 apud
1232 897 1494 977 tragicos
1527 898 1904 959 recentiores.
1986 896 2166 965 Quod
2201 899 2251 957 si
2291 898 2405 978 ipsi
2443 898 2629 959 etiam

519 1000 801 1062 Terentio
826 1004 1002 1082 longe
1028 1004 1310 1063 castiores
1332 1003 1570 1075 fuerim,
1600 1014 1662 1063 et
1698 1003 1936 1083 parcius
1981 1004 2167 1064 multo
2211 1002 2463 1064 licentiis
2492 1013 2629 1062 ute-

516 1118 736 1180 rentur,
778 1108 843 1167 id
880 1109 1121 1169 diversis
1149 1109 1440 1170 scribendi
1483 1108 1799 1190 generibus
1832 1106 2239 1188 imputandum
2277 1116 2384 1169 est.
2468 1090 2628 1168 Cum

515 1215 829 1286 comoedia,
849 1226 917 1275 ut
942 1215 1203 1296 pluribus
1226 1214 1369 1287 dixi,
1396 1213 1700 1292 vulgarem
1727 1225 1791 1274 et
1813 1212 2098 1294 loquendi
2124 1222 2186 1273 et
2208 1211 2627 1293 pronuntiandi

516 1322 999 1383 cousuetudinem
1024 1323 1317 1394 imitetur-3
1354 1320 1648 1401 tragoedia
1668 1339 1830 1393 vero,
1864 1330 1932 1379 ut
1957 1320 2021 1378 in
2046 1318 2408 1399 argumentis
2440 1320 2625 1399 longe

513 1428 835 1507 majoribus
852 1438 1135 1500 versatur,
1161 1428 1247 1488 ita
1265 1428 1527 1489 dictione
1553 1447 1787 1508 quoque
1807 1446 1931 1500 ma,
1956 1437 2019 1488 et
2041 1425 2362 1507 eloquendi
2389 1426 2623 1487 ratione

513 1553 555 1594 a
577 1534 753 1613 plebe
777 1533 1118 1613 longissime
1155 1532 1399 1594 recedit.
1484 1533 1806 1613 Tragoedia
1830 1533 1986 1593 enim
2021 1544 2114 1594 est
2147 1551 2360 1613 poema
2397 1531 2626 1604 nobile,

512 1639 749 1712 elatum,
771 1640 981 1718 grandi
999 1640 1275 1720 lentoque
1294 1658 1471 1720 passu
1489 1639 1727 1711 incedit,
1747 1649 1906 1699 amat
1923 1639 2103 1712 lecta,
2119 1637 2390 1718 pulchra,
2408 1654 2630 1697 sonora

511 1744 710 1815 verba,
740 1762 852 1804 nec
887 1743 1201 1823 quicquam
1238 1763 1443 1804 eorum
1480 1764 1615 1825 quae
1656 1743 1902 1823 profert,
1939 1755 2042 1804 aut
2075 1741 2429 1823 praecipitari
2453 1741 2622 1815 velit,

509 1859 614 1909 aut
640 1850 891 1909 obscure
923 1849 1130 1929 premi.
1212 1848 1376 1909 Hinc
1410 1849 1741 1928 tragoedia
1725 1870 1786 1909 m
1811 1849 2064 1910 numeris
2104 1848 2283 1909 etiam
2321 1858 2554 1908 tantum
2577 1866 2622 1909 a.
2651 1854 2658 1863 '

507 1954 800 2015 comoedia
826 1955 1018 2027 distat,
1048 1966 1107 2014 et
1134 1953 1424 2017 licentiae
1407 1973 1468 2013 in
1494 1954 1651 2015 hanc
1676 1955 2146 2036 frequentissime
2173 1966 2454 2037 recepta,
2480 1972 2621 2035 quae

509 2061 570 2121 in
598 2061 784 2122 altera
809 2080 1180 2141 nequaquam
1208 2071 1410 2120 essent
1434 2058 1721 2121 ferendoe.

510 2190 519 2201 ³
596 2167 698 2227 De
724 2169 1081 2230 comicorum
1109 2167 1265 2228 enim
1296 2166 1591 2227 licentiis
1576 2187 1636 2227 m
1661 2187 1902 2247 genere,
1929 2173 2064 2245 jure
2091 2166 2271 2242 dicas,
2301 2167 2465 2249 quod
2490 2164 2616 2228 Te-

507 2277 810 2339 rentianus
850 2274 1296 2353 elegantissimis
1330 2273 1597 2334 versibus
1639 2275 1791 2335 dixit
1829 2274 1908 2335 de
1947 2274 2225 2356 singulari
2262 2273 2381 2347 illa,
2407 2292 2527 2353 qua
2551 2272 2622 2333 in

500 2383 773 2467 jambicis
795 2381 1119 2463 spondeum
1144 2380 1241 2441 vel
1282 2380 1587 2462 dactylum
1612 2381 1674 2442 in
1700 2381 1963 2444 secundo
1989 2382 2087 2443 vel
2110 2392 2318 2464 quarto
2343 2382 2480 2443 loco
2504 2398 2621 2463 po-

507 2480 771 2553 suerunt.
920 2543 930 2554 .

911 2606 1026 2666 Sed
1046 2627 1138 2686 qm
1126 2606 1433 2683 pedestres
1438 2603 1674 2685 fabulas
1697 2626 1852 2667 socco
1871 2613 2144 2693 prmum,

915 2713 999 2772 Ut
1025 2732 1143 2791 ‹Juoe
1166 2714 1461 2790 loquuntur
1482 2720 1699 2789 «πικρία
1724 2713 1790 2771 de
1813 2714 1932 2772 vita
1951 2720 2131 2790 praee,

917 2817 1392 2894 VitiantJambum
1418 2816 1688 2877 tractibus
1712 2818 2038 2896 spofflaicis,

910 2924 1040 2982 Et
1018 2943 1077 2980 m
1101 2923 1334 2982 secundo
1362 2930 1417 2980 et
1444 2922 1641 2981 ceten‘s
1669 2942 1819 3001 oeque
1843 2924 1996 2983 locis.

908 3029 1362 3106 Fidemquefictis
1387 3029 1513 3086 dum
1532 3029 2081 3110 procurantfabulis,

907 3135 983 3194 In
1008 3141 1183 3218 metra
1203 3141 1435 3210 peccant
1462 3141 1603 3206 arte,
1630 3154 1738 3193 non
1763 3134 2002 3207 inscitia,

906 3241 981 3302 N
976 3261 1004 3299 e
1029 3241 1142 3299 sint
1168 3260 1362 3299 sonora
1388 3241 1554 3299 verba
1580 3242 1996 3302 consuetudinis.
2035 3245 2145 3303 lte.

500 3373 698 3439 Jambi
742 3374 979 3455 quidem
1024 3373 1198 3433 sedes
1245 3373 1446 3433 Graeci
1493 3393 1728 3454 quoque
1769 3372 1984 3434 comici
2020 3372 2300 3434 vitiarunt
2341 3376 2614 3439 tractibus

498 3483 802 3560 spondaicis
817 3506 840 3550 ,·
898 3492 960 3540 et
1005 3480 1067 3539 id
1112 3480 1339 3559 insigne
1382 3489 1477 3540 est
1522 3480 1833 3540 discrimen
1870 3480 2023 3541 inter
2070 3500 2172 3542 eos
2210 3492 2271 3542 et
2301 3482 2612 3563 tragoediae

499 3568 835 3669 scriptores.
878 3587 988 3647 sed
1026 3587 1144 3647 hoc
1174 3586 1379 3646 Graeci
1406 3606 1560 3648 raro.
1642 3586 1842 3647 Latini
1867 3607 2029 3662 vero,
2072 3598 2141 3648 ut
2167 3588 2448 3649 Prisciani
2472 3607 2611 3649 ver-

499 3695 592 3755 bis
614 3706 764 3768 utar,
808 3701 849 3732 “
877 3693 938 3753 in
965 3693 1162 3752 multis
1182 3693 1409 3753 initium
1431 3692 1670 3774 aliquod
1697 3692 2054 3775 accipientes
2081 3714 2118 3756 a
2145 3693 2391 3766 GraeciS,
2414 3695 2614 3756 solent

499 3802 575 3862 “ab
610 3812 861 3881 angusto
891 3803 954 3860 in
995 3800 1236 3861 effusum
1276 3798 1531 3861 licentiae
1568 3798 1817 3878 spatium
1857 3800 1977 3863 hoc
2005 3800 2304 3862 dilatare.”
2341 3801 2501 3882 quod
2537 3809 2613 3862 ut

496 3906 642 3980 dixi,
661 3906 878 3985 linguae
904 3905 1219 3986 plurimum
1246 3905 1387 3965 vitio
1413 3907 1761 3968 vertendum
1789 3919 1899 3968 est.
1978 3908 2193 3969 Latine
2220 3908 2439 3990 quippe
2465 3906 2614 3969 scri-

498 4011 709 4073 bentes
731 4011 890 4073 salvo
912 4012 1040 4092 puri
1060 4012 1342 4072 sermonis
1362 4011 1552 4072 nitore
1573 4012 1733 4072 haud
1761 4012 1992 4075 efficere
2013 4024 2282 4095 potuere,
2300 4025 2368 4075 ut
2388 4012 2450 4074 in
2471 4014 2612 4074 vitae

495 4119 818 4179 communis
845 4119 1021 4178 rebus
1049 4118 1463 4198 exprimendis,
1487 4120 1744 4180 numeris
1764 4120 2184 4182 astrictioribus
2210 4130 2542 4182 uterentur.

502 4238 507 4242 ⁴
577 4227 755 4294 Quod
781 4226 859 4287 ad
885 4245 985 4287 eas
1014 4236 1206 4286 autem
1230 4225 1496 4287 licentias
1523 4246 1667 4306 quas
1693 4226 1960 4288 adhibuit
1990 4226 2324 4300 Terentius,
2366 4246 2445 4288 ne
2484 4226 2614 4288 lec·

496 4333 611 4394 tori
657 4333 846 4396 minus
887 4334 1208 4396 exercitato
1250 4334 1344 4416 vel
1390 4333 1687 4395 minimam
1735 4333 2210 4398 offensiunculam
2253 4335 2613 4416 objicerent,
