2917 4900
883 1038 1129 1125 ARG
1146 1032 1818 1125 UMENTUM.

364 1630 373 1639 ,
443 1551 558 1615 Ex
585 1549 813 1615 duobus
854 1547 1073 1612 Atticis
1093 1549 1388 1625 fratribus,
1413 1547 1564 1611 alter
1587 1548 1825 1630 quidem
1851 1547 2083 1610 Demea
2099 1547 2332 1613 nomine

366 1668 462 1713 rus
496 1648 711 1723 coluit„
746 1666 992 1709 uxorem
1036 1645 1227 1719 duxit,
1251 1646 1404 1707 filios
1427 1645 1687 1727 suscepit
1705 1645 1870 1719 duos,
1898 1644 2245 1707 AEschinum
2269 1657 2334 1708 et

362 1730 801 1831 ctesiphonem.
878 1744 961 1804 At
1007 1743 1174 1816 alter,
1217 1742 1405 1805 Micio
1445 1740 1702 1815 nomine,
1744 1756 1988 1802 uxorem
2008 1761 2125 1803 non
2151 1742 2336 1819 duxit,

362 1853 422 1918 et
460 1841 612 1902 filios
655 1858 967 1922 procreare
1010 1839 1232 1900 noluit:
1271 1840 1379 1900 sed
1419 1838 1531 1905 sibi
1562 1839 1747 1900 filium
1769 1838 1961 1899 fratris
1988 1838 2335 1899 AEschinum

363 1937 705 2022 adoptavit:
746 1949 926 2018 atque
954 1936 1044 1999 ita
1083 1935 1454 2021 indulgenter
1491 1936 1692 1999 eduxit
1716 1953 1755 1996 a
1776 1934 2037 2017 parvulo,
2066 1945 2133 1995 ut
2156 1935 2338 1997 effuse

356 2024 677 2101 luxuriam
699 2035 1062 2121 adolescens,
1090 2035 1169 2097 ad
1187 2045 1545 2115 postremum
1560 2031 1745 2092 civem
1771 2031 2032 2095 Atticam
2054 2031 2336 2111 virginem

356 2134 606 2207 vitiaret,
644 2143 851 2214 captus
897 2150 1095 2193 amore
1140 2136 1285 2220 ejus.
1309 2149 1425 2210 quo
1450 2128 1632 2201 facto,
1659 2138 1721 2190 et
1739 2141 1873 2189 cum
1901 2141 2085 2189 matre
2121 2128 2335 2210 puellae

357 2230 581 2315 pepigit
596 2228 829 2312 nuptias
856 2227 1139 2309 ejusdem,
1177 2244 1353 2306 quam
1376 2224 1614 2286 vitiavit.
1692 2226 2003 2305 Quumque
2044 2242 2168 2285 rem
2207 2244 2340 2305 ges-

356 2336 474 2399 tam
499 2325 578 2388 ad
604 2324 808 2407 patris,
835 2343 873 2384 a
897 2342 1014 2402 quo
1034 2323 1344 2402 adoptatus
1361 2322 1571 2395 fuerat,
1600 2320 2008 2383 conscientiam
2035 2322 2160 2400 jam
2186 2323 2341 2399 jam-

354 2442 466 2506 que
490 2423 824 2506 perlaturus
842 2432 1019 2498 esset,
1040 2419 1307 2506 precibus
1328 2418 1696 2500 Ctesiphonis
1715 2416 1908 2480 fratris
1934 2418 2044 2491 sui,
2064 2418 2163 2501 qui
2179 2419 2339 2500 apud

357 2519 565 2606 flatum
583 2528 808 2602 patrem
826 2528 1005 2598 atque
1030 2527 1321 2598 agrestem
1339 2505 1628 2578 Demeam
1654 2516 1904 2598 parcius·
1918 2527 2097 2597 atque
2123 2511 2338 2579 arctius

357 2615 688 2688 habemur,
714 2614 999 2695 impulsus
1039 2623 1151 2686 est,
1188 2623 1251 2675 et
1273 2625 1341 2675 ut
1366 2613 1558 2678 eidem
1577 2634 1624 2678 -a
1656 2616 1871 2676 lenone
1897 2624 2130 2695 raperet
2147 2603 2340 2675 niere-

357 2714 594 2775 tticem:
636 2730 753 2793 quo
778 2710 961 2785 facto,
985 2710 1287 2793 multiplici
1313 2730 1511 2774 errore
1538 2713 1861 2792 completur
1884 2711 2106 2773 fabula.
2182 2711 2342 2773 Nam

359 2817 419 2869 et
436 2809 672 2869 Demea
684 2825 834 2867 cum
858 2806 970 2868 hoc
994 2806 1141 2886 ipso,
1169 2806 1233 2866 id
1270 2817 1380 2876 est,
1407 2827 1548 2868 cum
1585 2806 1854 2870 Micione
1884 2809 2168 2888 litigabat,
2212 2820 2343 2870 tan-

357 2924 537 2984 quam
556 2922 698 2966 cum
719 2921 793 2988 eo
818 2901 921 2983 qui
944 2901 1267 2988 corruperit
1287 2903 1722 2964 adolescentem
1750 2903 2112 2984 adoptatum,
2139 2904 2201 2965 in
2214 2926 2339 2968 mo·

359 3018 450 3060 res
473 2999 756 3084 perditos,
783 2997 1045 3059 nesciens
1069 3017 1239 3060 suum
1257 2997 1366 3084 sibi
1391 2998 1574 3060 filium
1613 2999 2031 3080 Ctesiphonem
2057 3021 2185 3062 esse
2215 3021 2344 3063 cor-

361 3108 611 3177 ruptum,
654 3093 1028 3174 eluditurque
1061 3113 1099 3154 a
1136 3093 1285 3174 Syro
1322 3106 1386 3155 et
1423 3094 1690 3156 Micione
1724 3114 1831 3177 per
1849 3105 2033 3158 totam
2060 3098 2340 3159 fabulam.

364 3192 444 3266 Et
463 3203 655 3253 mater
679 3190 892 3272 puelloe
906 3195 1030 3267 jam
1049 3190 1280 3251 decimo
1300 3209 1499 3254 mense
1523 3203 1659 3273 post
1682 3202 1912 3272 raptum
1936 3192 2191 3273 virginis,
2228 3193 2338 3253 AE·

362 3288 625 3350 schinum
664 3287 852 3348 credit
877 3286 1113 3368 sibiipsi
1139 3285 1393 3368 rapuisse
1417 3288 1806 3350 meretricem.
1823 3309 1955 3369 quoe
1979 3290 2338 3369 perturbatio

358 3384 472 3445 cito
496 3384 560 3444 in
584 3382 955 3463 tranquillum
978 3382 1223 3445 redacta
1246 3393 1354 3444 est.
1434 3385 1591 3447 Nam
1635 3404 1703 3447 re
1745 3395 2042 3468 comperta
2086 3385 2162 3446 de
2195 3385 2338 3448 vitio

362 3480 616 3561 virginis,
641 3479 830 3541 Micio
852 3479 955 3539 dat
988 3478 1177 3540 civem
1202 3480 1487 3541 AEschino
1507 3500 1680 3560 quam
1706 3480 2150 3563 concupiveratz
2192 3488 2344 3559 ejus-

358 3596 473 3657 que
519 3588 766 3637 matrem
802 3574 928 3657 ipse
968 3575 1203 3657 accipit.
1283 3575 1674 3658 Deprehenso
1698 3596 1838 3637 vero
1876 3561 2232 3659 Ctesiphone
2274 3578 2338 3639 in

357 3692 551 3736 amore
566 3672 909 3747 meretricis,
936 3673 1122 3753 primo
1141 3673 1412 3737 irascitur
1432 3671 1700 3733 Demea:
1739 3683 1875 3755 post
1899 3673 2131 3748 lenitur,
2158 3684 2338 3754 atque

363 3769 647 3832 habendae
672 3771 801 3848 ejus
825 3769 1149 3831 meretricis
1168 3768 1464 3831 licentiam
1478 3768 1717 3848 praebet.
1799 3769 2018 3828 Primus
2041 3779 2196 3829 actus
2209 3770 2340 3830 haec

365 3867 642 3940 continet,
686 3865 967 3928 Micionis
1010 3866 1187 3927 solius
1221 3866 1406 3946 primo
1425 3866 1639 3926 vei-bat
1680 3875 1742 3925 et
1781 3875 1933 3945 post,
1975 3867 2240 3946 ejusdem
2274 3878 2339 3928 et

364 3963 613 4024 Demeoe
646 3962 926 4042 jurgium.
1008 3961 1278 4023 Secundus
1318 3971 1476 4021 actus
1499 3962 1628 4023 haec
1669 3962 1948 4038 continet,
1987 3963 2210 4027 lenonis
2256 3964 2350 4025 al-‘

364 4069 547 4122 teram
571 4058 765 4120 rixam
790 4058 1063 4119 adversus
1092 4057 1436 4118 AEechinum
1477 4076 1583 4137 pro
1620 4058 1850 4138 puella:
1891 4058 2153 4137 ejusdem
2182 4060 2340 4139 apud

364 4155 575 4237 Syrum
601 4154 908 4236 querelas:
949 4153 1208 4214 loetitiam
1225 4153 1631 4234 Ctesiphonis:
1672 4154 2062 4216 obsessionem
2097 4154 2337 4215 amicae:

366 4261 429 4312 et
451 4252 715 4331 ejusdem
743 4249 1063 4329 gratiarum
1089 4248 1350 4310 actiones
1370 4249 1526 4330 apud
1551 4248 1914 4310 AEschinum.
1997 4250 2216 4309 Tertius
2249 4270 2341 4310 ac-

362 4357 450 4408 m
492 4349 617 4412 haec
645 4347 927 4420 continet,
955 4345 1401 4427 trepidationem
1420 4346 1615 4409 matris
1645 4345 1920 4408 Sostratae
1948 4356 2009 4432 et
2028 4346 2339 4408 Cantharoe
