2917 4900
571 421 654 479 82
1188 364 1910 517 ARGUMENTUM5

568 594 806 655 nutricis
849 595 928 657 ob
967 595 1379 675 parturientem
1416 597 1777 678 Pamphilam
1820 596 2073 658 vitiatam
2107 596 2182 658 ab
2215 595 2540 660 AEschinot

569 693 786 753 Getam
809 693 1174 754 nunciantem
1192 694 1440 755 dominoe
1468 715 1588 755 suae
1605 713 1709 775 per
1726 713 2001 766 errorem,
2025 693 2184 775 quod
2200 694 2310 755 sibi
2329 713 2542 775 rapue-

562 788 640 847 rit
666 780 977 849 AEschinus
998 790 1403 852 meretricem:
1445 790 1694 861 reditum
1719 791 1780 851 in
1806 811 2045 852 scenam
2085 790 2361 851 Demeoe:
2394 796 2542 868 ejus-

566 886 817 966 demque
843 905 975 945 cum
1002 886 1151 968 Syro
1175 887 1512 948 ludificante
1538 887 2112 949 sermocinationem:
2153 887 2541 948 interventum

566 982 875 1061 Hegionis,
913 1002 1042 1042 cum
1081 983 1321 1063 querela
1345 983 1784 1063 apud-eundem
1828 983 2116 1045 Demeam
2142 983 2220 1043 de
2252 982 2410 1067 facto
2435 983 2543 1044 Ε·

564 1080 768 1153 schini,
792 1081 868 1141 de
888 1080 1276 1141 consolatione
1300 1079 1595 1140 Sostratae.
1681 1079 1923 1148 Quarta-5
1942 1089 2096 1139 actas
2107 1079 2239 1139 haec
2258 1079 2539 1153 continet,

566 1177 936 1259 Ctesiphonis
955 1197 1085 1236 cum
1109 1175 1259 1256 Syro
1276 1175 1620 1254 colloquium
1639 1195 1655 1235 ι
1699 1176 2053 1237 delusionem
2074 1175 2355 1238 Demeae:
2383 1177 2539 1256 ejus-

564 1272 812 1352 demque
840 1274 900 1331 in
926 1292 1161 1333 scenam
1198 1273 1614 1342 interventum,-
1653 1282 1830 1352 atque
1876 1271 2189 1331 secundam
2213 1271 2539 1333 frustratio·

564 1390 693 1429 nem
716 1390 818 1449 per
840 1370 1048 1449 Syrum
1063 1370 1313 1429 factam:
1356 1360 1631 1427 Micionis
1678 1388 1810 1428 cum
1856 1367 2132 1447 Hegione
2175 1387 2537 1428 sermonem:

561 1465 856 1544 querelam
877 1465 1140 1525 AEschini
1167 1465 1243 1524 de
1269 1464 1442 1525 rebus
1462 1464 1599 1535 suis,
1619 1463 1991 1543 ejusdemque
2002 1482 2140 1522 cum
2153 1462 2416 1537 Micione
2427 1482 2538 1543 pa-

560 1547 647 1621 'tre
673 1561 1080 1626 facetissimam
1108 1560 1591 1622 dissertationem:
1635 1558 1880 1619 Demeae
1926 1559 2178 1619 reditum
2203 1560 2265 1619 in
2298 1576 2537 1620 scenam

560 1653 881 1730 exeri-ore,
911 1659 972 1722 in
993 1678 1165 1739 quem
1187 1676 1318 1717 eum
1344 1660 1674 1731 conjecerat
1697 1654 1912 1734 Syrus:
1956 1665 2018 1714 et
2042 1666 2381 1715 renovatum
2397 1673 2535 1717 cum

458 1738 465 1745 ⁴
556 1753 735 1815 fratre
763 1753 1028 1833 ejusdem
1048 1754 1343 1834 jurgium:
1383 1746 1811 1832 processionem
1857 1751 1917 1810 in
1935 1765 2190 1811 scenam
2229 1750 2534 1812 temulenti

554 1846 715 1928 Syri.
802 1850 1036 1918 Quintus
1062 1859 1215 1909 actus
1240 1849 1371 1908 haec
1397 1847 1673 1918 continet,
1690 1846 2208 1926 deprehensionem
2221 1848 2532 1929 Ctesipho·

555 1932 645 2005 nis
695 1966 829 2006 cum
868 1945 1210 2007 meretrice:
1252 1940 1488 2005 tertium
1516 1962 1649 2003 cum
1677 1943 1938 2005 Micione
1973 1940 2232 2023 jurgium
2253 1942 2529 2016 Demeae,

555 2041 931 2119 ejusdemque
958 2042 1089 2101 vitae
1114 2038 1371 2120 pristinae
1400 2039 1820 2119 correptionem
1836 2062 1857 2099 e
1901 2051 1962 2100 et
1980 2059 2085 2120 per
2113 2059 2245 2100 eum
2263 2039 2450 2100 multa
2467 2038 2532 2100 in

556 2126 841 2197 comoedia
864 2150 1032 2209 nova,
1052 2137 1166 2197 hoc
1187 2148 1295 2208 est,
1316 2132 1772 2196 blandimentum
1798 2135 1952 2195 circa
1977 2130 2335 2207 AEschinum,
2358 2144 2419 2194 et
2441 2135 2531 2196 afl-

549 2231 892 2307 fabiiitatem
928 2232 1083 2293 circa
1121 2232 1370 2292 Getam:
1413 2232 1875 2294 conciliationem
1900 2233 2031 2314 Syri
2051 2244 2114 2307 et
2138 2232 2340 2293 uxoris
2365 2235 2492 2310 ejus
2509 2254 2530 2295 z

550 2328 613 2390 ‘et
632 2330 860 2389 veniam
881 2330 1039 2389 circa
1063 2329 1507 2409 Ctesiphonem:
1547 2329 2093 2409 permissionemque
2107 2329 2393 2389 habendae
2403 2348 2530 2390 me-

552 2424 796 2488 retricis.
881 2426 1151 2487 Servatur
1175 2437 1371 2487 autem
1405 2445 1511 2505 per
1543 2436 1725 2488 totam
1745 2420 2002 2488 fabulam
2020 2426 2169 2487 mitis
2189 2424 2394 2499 Micio,
2418 2444 2526 2487 εω-

547 2513 652 2583 irus
680 2523 928 2594 Demea,
972 2524 1107 2583 leno
1147 2543 1371 2596 avarus,
1422 2522 1663 2584 callidus
1709 2523 1908 2603 Syrus,
1942 2523 2178 2583 timidus
2222 2521 2523 2602 Ctesipho,

544 2620 797 2680 liberalis
822 2619 1156 2692 AEschinus,
1184 2620 1409 2700 pavidae
1433 2619 1744 2692 mulieres,
1767 2620 1956 2699 gravis
1985 2619 2204 2698 Hegio.
2283 2618 2357 2678 In
2380 2619 2524 2679 divi-

547 2709 751 2775 dendis
798 2709 1019 2776 actibus
1044 2715 1258 2775 fabulae
1274 2715 1591 2776 identidem
1611 2715 2056 2785 meminerimus,
2075 2715 2261 2794 primo
2282 2715 2522 2794 pagina·

547 2817 677 2872 'rum
702 2811 1214 2870 dinumerationem
1239 2825 1432 2890 neque
1458 2811 1727 2882 Graecos,
1745 2830 1939 2889 neque
1961 2811 2203 2870 Latinos
2219 2829 2516 2872 servasse:

544 2912 721 2987 quum
748 2913 871 2983 ejus
899 2905 1223 2966 distributio
1248 2905 1579 2983 hujusmodi
1606 2906 1883 2966 rationem
1909 2903 2141 2979 habeat,
2188 2915 2252 2963 ut
2298 2905 2400 2966 ubi
2425 2918 2516 2968 at-

542 2997 758 3065 tentior
784 3013 1082 3084 spectator
1100 3021 1232 3062 ease
1256 3002 1533 3082 potuerit,
1551 3001 1781 3080 longior
1807 3011 1966 3060 actus
1982 3000 2090 3063 sit:
2132 3001 2232 3060 ubi
2250 3001 2515 3064 fastidio-

534 3099 677 3174 sior,
703 3100 932 3161 brevior
957 3109 1135 3178 atque
1176 3097 1547 3159 contractior.
1627 3096 1865 3157 Deinde
1893 3096 2062 3157 etiam
2091 3093 2252 3169 illud,
2279 3098 2342 3157 in
2368 3118 2512 3159 eun-

541 3199 677 3258 dem
722 3207 918 3256 actum
937 3213 1110 3275 posse
1138 3189 1365 3270 conjici,
1395 3205 1455 3253 et
1476 3205 1595 3254 tres
1623 3205 1684 3254 et
1711 3205 1957 3274 quatuor
1981 3211 2192 3254 scenas
2215 3196 2511 3256 introeun-

536 3294 679 3353 tium
721 3303 899 3372 atque
926 3292 1259 3351 exeuntium
1299 3309 1692 3370 personarum.
1775 3290 1958 3351 Facta
2002 3302 2199 3351 autem
2236 3293 2365 3352 haec
2391 3309 2512 3355 una

536 3401 627 3450 est
653 3387 725 3446 de
753 3389 979 3449 duabus
994 3387 1223 3462 fabulis,
1273 3385 1562 3467 Adelphis
1605 3385 1936 3472 Menandri,
1978 3399 2040 3449 et
2067 3389 2511 3454 Commorienti-

531 3487 639 3546 bus
667 3481 908 3562 Diphili.
1481 3477 1492 3484 ⁸
