2917 4900
854 383 995 451 DE
1052 384 1441 452 METRIS
1510 382 1945 453 coMlcls.
2293 392 2445 455 cix*

328 568 471 646 quid
494 569 635 629 illud
655 576 736 630 at
754 576 781 627 ἲ
820 569 986 631 And.
1012 569 1073 631 1.
1103 570 1183 635 V.
1202 575 1269 633 2.
1336 571 1489 634 Esse
1525 572 1780 656 denique
1828 593 1963 655 quoe
2003 585 2251 636 metrum
2278 578 2442 654 jaun·

330 674 503 734 hicum
540 676 829 754 hyper-cae.
869 676 1253 751 constituunt,
1313 690 1382 739 ut
1430 676 1930 741 dis'crucior-auimi
1947 704 1973 751 ,-
2023 680 2280 763 Adelph.
2320 680 2438 743 lv.

332 778 443 843 IV.
489 784 547 840 1.

402 883 522 944 Est
547 885 789 965 quidem
808 887 873 948 in
895 888 1149 968 vulg-etis
1173 888 1347 951 editt.
1374 893 1718 974 exemplum
1742 893 1921 954 etiam
1949 893 2255 955 commatis
2275 896 2435 973 jam-

322 991 432 1050 bid
474 992 694 1051 dinen-i
748 994 1199 1071 brachycatalccti
1216 1017 1239 1055 .·
1280 995 1522 1059 Phorm.
1569 997 1620 1057 1.
1649 999 1767 1061 IV.
1798 1003 1898 1059 18.
1962 999 2283 1058 Homi'nem·
2310 999 2432 1059 Ax.

324 1094 479 1155 Sta·
496 1097 663 1158 illico.
733 1098 861 1158 Ge.
884 1101 1048 1160 Hem.
1113 1099 1236 1160 Sed
1279 1102 1546 1163 homiuem
1590 1104 1669 1166 ad
1715 1123 1950 1166 versum
1994 1105 2435 1186 praecedentem

325 1201 716 1280 rejiciendum
743 1222 894 1277 esse,
924 1205 1003 1266 ad
1025 1205 1221 1266 locum
1240 1204 1361 1266 dixi
1381 1230 1398 1267 ε
1427 1228 1548 1269 nec
1559 1211 1692 1290 plus
1719 1231 1839 1271 uno
1863 1212 2035 1288 hujus
2057 1210 2288 1291 generis
2308 1230 2433 1271 me·

323 1308 465 1369 mini
484 1310 654 1390 apud
681 1309 974 1373 Plautum.
1016 1310 1183 1374 Pers.
1212 1312 1325 1374 lv,
1347 1315 1465 1378 IV.
1501 1318 1638 1378 116.

1037 1486 1147 1535 ΑΨ
1169 1494 1394 1550 argentm
1410 1513 1431 1525 ·
1454 1490 1570 1537 effer
1590 1491 1697 1538 buc.

403 1643 519 1704 His
563 1642 762 1722 paucis
810 1641 1035 1723 absolvi
1060 1641 1340 1722 quicquid
1386 1643 1540 1703 scire
1583 1656 1732 1724 opus
1761 1655 1854 1705 est
1880 1644 1958 1705 ad
1981 1643 2430 1725 intelligendum

320 1752 520 1812 omnia
562 1750 667 1811 illa
708 1750 1032 1811 carminum
1073 1769 1308 1830 genera,-
1348 1768 1484 1830 quae
1527 1769 1565 1810 a
1592 1751 1821 1810 trochaeo
1843 1751 1934 1809 vel
1959 1752 2157 1828 jambo
2211 1770 2430 1811 nomen

312 1878 493 1919 mum
532 1855 893 1929 sortiuntur3
921 1866 1206 1936 quatenus
1240 1855 1316 1915 ad
1343 1864 1660 1915 metrorum
1687 1854 2179 1916 Terentianorum
2203 1853 2419 1914 intelli-

318 1963 585 2045 gentiam
629 1981 833 2023 eorum
878 1962 1141 2042 cognitio
1186 1961 1523 2023 necessaria
1549 1971 1662 2022 est.
1723 1961 1823 2023 De
1866 1960 1955 2021 his
1977 1972 2173 2022 autem
2200 1960 2428 2040 duplex

317 2068 573 2150 quaestio
593 2067 813 2128 moveri
833 2078 1063 2148 potest;
1091 2067 1296 2142 altera,
1322 2068 1702 2148 quamobrem
1728 2076 1949 2128 tantam
1977 2054 2300 2128 carminum
2325 2084 2432 2126 va·

316 2173 592 2234 rietatem
618 2173 957 2233 adhibuerit
980 2172 1317 2246 Terentius,
1348 2185 1410 2233 et
1453 2193 1575 2233 non
1600 2173 1793 2253 potius
1829 2173 1982 2232 intra
2008 2173 2282 2232 trimetros
2307 2180 2428 2232 ste-

317 2281 474 2351 terit,
519 2280 685 2361 quod
709 2279 896 2339 voluit
923 2280 1338 2347 Quintilianus.
1400 2278 1645 2340 Consilii
1688 2278 1864 2358 hujus
1890 2277 2176 2339 rationem
2202 2276 2368 2336 multi
2388 2296 2427 2336 e

315 2387 495 2449 rebus
521 2387 660 2468 ipsis
698 2386 1020 2469 petendam
1047 2387 1419 2460 arbitrantur,
1472 2395 1533 2446 et
1569 2385 1914 2446 Terentium
1953 2384 2125 2445 variis
2152 2400 2428 2445 versuum

314 2493 635 2575 generibus
654 2514 824 2555 usum
852 2494 1053 2568 fuisse,
1080 2488 1148 2554 ut
1175 2493 1261 2555 rei
1290 2492 1364 2553 do
1391 2512 1512 2574 qua
1539 2493 1733 2574 agitur
1755 2504 2024 2565 naturam
2050 2509 2430 2552 numerorum·

318 2600 716 2661 concinnitate
740 2610 1141 2682 spectatorum
1177 2600 1361 2660 oculis
1387 2599 1598 2659 melius
1621 2600 1957 2676 subjiceret.
1983 2597 2091 2659 sed
2126 2616 2333 2658 vereor
2356 2608 2426 2658 ut

316 2709 436 2769 hoc
462 2726 810 2789 responsum
835 2706 975 2767 satis
1002 2706 1234 2766 firmum
1250 2704 1346 2777 sit,
1372 2723 1510 2764 cum
1525 2705 1792 2765 locorum
1806 2703 2171 2784 inspectione
2195 2713 2430 2764 constet

316 2817 379 2876 in
408 2815 746 2876 fabularum
773 2814 1032 2894 partibus
1058 2813 1315 2875 maxime
1341 2812 1494 2872 inter
1518 2829 1585 2871 se
1612 2808 2084 2870 dissentientibus
2111 2807 2268 2869 idem
2295 2827 2423 2868 car·

312 2921 484 2983 minis
509 2939 699 3001 genus
728 2918 1080 2998 adhibitum,
1111 2919 1172 2978 in
1200 2917 1495 2979 continuis
1523 2926 1721 2992 autem
1747 2914 1997 2993 negotiis
2023 2914 2272 2975 diversa.
2314 2914 2424 2974 Est

314 3028 553 3111 quidem
578 3027 681 3089 ubi
699 3025 931 3087 numeri
956 3025 1131 3086 rebus
1151 3024 1294 3086 mire
1323 3023 1681 3087 conveniunt
1702 3047 1720 3093 ;
1757 3041 1997 3084 causam
2023 3033 2222 3082 tamen
2241 3031 2423 3081 tantoe

314 3133 615 3196 varietatis
644 3132 852 3213 opinor
878 3131 1032 3193 hanc
1058 3130 1292 3191 unicam
1320 3130 1521 3203 fuisse,
1559 3139 1629 3189 ut
1654 3148 1729 3189 eo
1761 3128 1947 3207 magis
1980 3137 2159 3208 poeta
2193 3135 2423 3205 specta-

315 3253 511 3301 torum
538 3238 763 3300 animos
789 3237 1065 3298 reficeret
1091 3248 1153 3298 et
1180 3237 1417 3298 toedium
1444 3236 1704 3306 levaret3
1751 3253 1886 3294 cum
1923 3233 2066 3313 ipsoe
2089 3230 2272 3292 etiam
2293 3248 2421 3291 ora-

314 3347 486 3407 tionis
538 3344 788 3405 virtutes
841 3343 1136 3405 fastidium
1173 3343 1416 3424 pariant,
1477 3341 1588 3401 nisi
1625 3339 1814 3420 gratia
1846 3337 2146 3399 varietatis
2184 3336 2430 3418 adjutae,

316 3451 603 3512 Gaudent
628 3450 785 3511 enim
806 3468 1009 3511 omnes
1029 3449 1331 3522 varietate,
1359 3458 1422 3508 et
1437 3448 1592 3508 sicut
1615 3446 1775 3507 oculi
1812 3445 2171 3505 diversarum
2216 3462 2424 3524 aspec-

311 3570 379 3619 tu
404 3577 603 3619 rerum
625 3556 816 3637 magis
843 3556 1196 3640 detinentur,
1252 3556 1336 3616 ita
1374 3573 1547 3615 aures
1587 3552 1805 3615 crebris
1832 3571 2210 3613 numerorum
2237 3562 2424 3631 atque

316 3664 467 3726 adeo
493 3683 772 3726 versuum
797 3661 1217 3724 mutationibus
1243 3661 1634 3722 oblectantur.
1673 3660 1859 3728 Quod
1878 3678 2015 3734 cum
2033 3658 2217 3738 ipsius
2236 3656 2423 3724 Quin-

313 3772 495 3832 tiliani
528 3767 819 3849 judicium
844 3770 941 3843 sit,
967 3768 1145 3828 miror
1166 3767 1418 3829 voluisse
1446 3766 1906 3846 elegantissimas
1951 3763 2214 3837 Terentii
2253 3762 2426 3822 fabu·
2483 3783 2486 3784 ⁷

316 3877 401 3938 las
424 3877 565 3939 solis
607 3877 875 3936 trimetris
901 3874 1163 3954 astringi,
1210 3891 1345 3934 cum
1372 3884 1435 3934 et
1475 3873 1590 3956 alia
1616 3892 1835 3953 genera
1859 3870 1978 3933 sint
2000 3869 2422 3943 venustissima,

317 3993 377 4044 et
401 3985 526 4045 sine
552 3982 670 4042 illis
698 3979 1026 4062 gratissima
1052 4000 1428 4041 numerorum
1468 3980 1719 4041 varietas
1747 3979 1932 4040 omnis
1971 3978 2099 4038 fere
2127 3975 2422 4058 periisset.

313 4089 472 4150 Hinc
490 4100 586 4149 est
603 4085 767 4168 quod
789 4087 852 4145 in
873 4085 1082 4146 scaenis
1104 4106 1237 4166 quse
1259 4106 1339 4146 ex
1368 4088 1704 4146 tetrametris
1725 4084 1861 4145 solis
1889 4092 2180 4154 constant,
2209 4079 2424 4160 soepiue

316 4193 392 4255 de
417 4183 535 4254 alio
574 4210 803 4274 genere
851 4190 931 4251 ad
972 4189 1129 4251 aliud
1153 4191 1464 4264 transitum
1503 4190 1609 4252 sed
1645 4190 1759 4251 hoc
1800 4201 1972 4252 tanto
2014 4189 2161 4249 fecit
2191 4185 2424 4267 judicio

315 4300 646 4374 Terentius,
672 4309 740 4361 ut
766 4299 827 4363 in
854 4298 993 4380 ipsis
1021 4281 1255 4379 quoque
1281 4299 1714 4366 narrationibus
1751 4298 1829 4360 ad
1855 4295 2031 4360 aliam
2065 4314 2190 4358 rem
2215 4293 2425 4356 transi-

400 4410 535 4458 νοτ..
561 4410 639 4454 ιι.
1311 4410 1352 4453 o
1394 4393 1435 4435 ⁴*
