2917 4900
659 866 888 931 AELII
936 851 1339 945 DONAT1‚
1381 867 1474 932 V.
1506 866 1583 932 C.
1618 864 2115 931 ORATORIS
2163 864 2455 931 URBIS

829 1054 1060 1114 ROMA),
1092 1055 1440 1105 PRAEFA‘HO
1474 1057 1550 1104 IN
1585 1055 1913 1106 uacuum
1945 1054 2284 1104 TEREN'rn.

1458 1288 1654 1321 ᾳ..-

633 1506 835 1569 HAEc
870 1507 1072 1567 fabula
1099 1504 1481 1587 Appollodori
1518 1505 1664 1585 (vid.
1708 1505 1911 1567 Sidon.
1931 1543 1935 1548 -
1955 1505 2160 1586 Apoll.
2203 1504 2317 1567 lv,
2365 1502 2579 1587 Epist.»

555 1610 652 1666 12.
681 1604 782 1681 L.)
809 1624 941 1665 ease
969 1603 1187 1664 dicitur
1222 1604 1459 1665 Graeca.
1530 1601 1683 1663 Nam
1713 1616 1776 1664 et
1801 1604 1929 1685 ipsa
1956 1614 2019 1664 et
2057 1604 2316 1664 Phormio
2343 1605 2419 1665 ab
2458 1625 2561 1666 eo-

552 1702 689 1764 dem
715 1703 984 1764 dicuntur
1003 1722 1135 1770 esse
1159 1702 1458 1763 translatae
1483 1722 1498 1763 ε
1541 1721 1726 1782 quum
1745 1700 1987 1781 reliquae
2006 1712 2259 1780 quatuor
2277 1701 2393 1761 sint
2418 1700 2556 1761 Me-

551 1800 758 1860 nandri
787 1799 1018 1860 comici.
1102 1801 1328 1877 Hecyra
1354 1810 1557 1862 autem
1593 1797 1803 1858 dicitur
1844 1796 2000 1869 ideo,
2044 1796 2184 1877 quia
2217 1817 2326 1878 per
2351 1817 2556 1857 socrus

550 1908 613 1956 et
638 1917 880 1958 soceros
906 1897 967 1957 in
997 1917 1071 1957 ea
1096 1909 1354 1976 aguntur
1381 1897 1585 1957 multa.
1667 1894 1824 1955 Nam
1854 1905 1915 1955 et
1941 1895 2130 1976 ἑκυρὸς
2158 1905 2221 1954 et
2248 1893 2433 1976 ἑκυρό,
2463 1916 2561 1955 ao·

548 1994 670 2054 ceri
696 2015 934 2066 nomen,
977 2013 1298 2072 socrusque
1326 1993 1683 2074 significant.
1763 1993 1869 2052 Est
1911 2002 2109 2054 autem
2146 1992 2326 2052 mixta
2368 2003 2557 2052 moto-

550 2092 651 2152 riis
673 2079 905 2170 actibus
920 2110 994 2152 ac
1017 2086 1302 2152 statariis:
1330 2089 1698 2170 multumque
1715 2089 2135 2150 sententiarum
2163 2100 2224 2149 et
2242 2088 2562 2169 figurarum

554 2190 821 2251 continet
843 2191 905 2249 in
949 2197 1077 2250 toto
1103 2185 1260 2250 stilo.
1343 2183 1525 2251 Unde
1553 2207 1732 2267 quum
1762 2186 2026 2246 delectet
2049 2186 2357 2267 plurimum
2382 2211 2398 2259 3
2438 2207 2559 2247 non

549 2288 741 2347 minua
781 2286 1042 2347 utilitatis
1088 2285 1260 2347 affert
1306 2284 1760 2366 spectatoribus.
1844 2284 2044 2363 Atque
2085 2283 2147 2342 in
2193 2282 2307 2344 hac
2353 2285 2557 2364 primoe

549 2394 752 2463 partes
799 2393 937 2443 sunt
982 2382 1282 2455 Lachetis,
1340 2379 1619 2441 secundae
1670 2380 1977 2461 Pamphili,
2026 2379 2220 2440 tertiae
2267 2369 2559 2462 Phidippi,

551 2491 777 2559 quartae
806 2480 1226 2543 Parmenonis:
1270 2500 1340 2541 ac
1384 2479 1670 2558 deinceps
1700 2478 1943 2538 aliarum
1981 2497 2382 2558 personarum,
2425 2499 2558 2559 quae

544 2577 635 2636 hia
663 2576 957 2655 adjunctae
983 2589 1139 2638 sunt.
1179 2578 1387 2640 Divisa
1417 2589 1511 2639 eat
1545 2586 1762 2648 autem,
1790 2585 1859 2634 ιιι
1885 2585 2142 2651 caeteroe,
2170 2576 2426 2657 quinque
2453 2597 2554 2638 ac-

542 2674 699 2734 tibus
724 2675 1020 2753 legitimis,
1060 2694 1206 2754 quoa
1245 2676 1309 2735 in
1343 2675 1595 2737 subditis
1630 2672 2079 2761 distinguemus.
2178 2673 2249 2732 ln
2276 2673 2391 2734 hac
2419 2695 2554 2755 pro-

551 2770 723 2849 logus
753 2782 846 2831 est
889 2782 950 2832 et
984 2772 1312 2853 multiplex,
1356 2783 1420 2833 et
1455 2768 1781 2832 rhetoricus
1823 2766 2015 2841 nimis,
2058 2780 2368 2851 propterea
2394 2772 2555 2851 quod

546 2887 710 2949 soepe
737 2858 980 2929 exclusa
1004 2864 1134 2931 haec
1156 2868 1464 2941 comoedia,
1494 2864 1937 2946 diligentissima
1963 2867 2301 2929 defensione
2326 2867 2555 2947 indige·

550 2967 671 3028 bat.
759 2968 964 3047 Atque
990 2966 1052 3026 in
1076 2966 1194 3028 hac
1224 2967 1471 3045 protasis
1495 2964 1838 3025 turbulenta
1882 2975 1993 3038 est,
2034 2966 2261 3042 epitasis
2303 2964 2553 3039 molllor,

552 3064 702 3126 lenis
730 3065 1095 3143 catastrophe.
1178 3065 1334 3125 Acta
1358 3082 1502 3123 eane
1543 3073 1635 3123 est
1675 3062 1831 3122 ludia
1860 3061 2324 3141 Megalensibus,
2373 3062 2558 3124 Sexto

546 3162 729 3235 Julio,
775 3164 846 3224 C.
877 3161 1118 3223 Rabirio
1146 3158 1440 3222 AEdilibus
1469 3160 1812 3221 curulibus:
1853 3159 2094 3239 egitque
2124 3158 2200 3219 L.
2231 3159 2554 3224 Ambivius.

547 3260 897 3322 Modulatua
942 3270 1034 3321 est
1076 3279 1208 3321 eam
1251 3258 1502 3319 Flaccus
1544 3257 1828 3319 Claudius
1868 3257 2024 3319 tibiis
2062 3258 2320 3338 paribus.
2402 3259 2559 3320 Tota

548 3357 766 3418 Graeca
796 3369 907 3432 est,
959 3358 1238 3438 factaque
1267 3365 1328 3417 et
1354 3354 1517 3415 edita
1549 3356 1755 3437 quinto
1788 3355 1948 3430 loco,
1995 3355 2108 3417 Cn.
2159 3355 2434 3429 Octavio,
2482 3356 2555 3416 T.

546 3454 779 3517 Manlio
808 3455 980 3516 Coss.
1011 3455 1256 3516 Cantica
1301 3464 1366 3515 et
1407 3451 1674 3514 diverbia
1712 3472 1941 3513 summo
1973 3452 2032 3511 in
2057 3453 2175 3513 hac
2201 3454 2406 3514 favore
2431 3470 2559 3515 aua-¹

543 3563 724 3632 cepta
749 3563 908 3613 aunt.
986 3551 1318 3633 Προτατικά
1344 3552 1406 3612 in
1432 3553 1552 3612 hac
1580 3553 1875 3632 πρόσωπα,
1920 3550 1984 3611 id
2013 3562 2124 3624 est,
2153 3570 2419 3632 personae
2456 3570 2558 3611 ex·

541 3659 635 3707 tra
662 3659 1075 3728 argumentum
1104 3649 1240 3710 duoe
1283 3660 1442 3721 aunt,
1493 3649 1802 3710 Philotidis
1831 3658 1893 3709 et
1924 3648 2113 3730 Syrae.
2196 3648 2270 3707 In
2297 3659 2434 3709 tota
2459 3667 2561 3709 co-

538 3744 758 3806 moedia
781 3745 899 3806 hoc
929 3746 1145 3825 agitur,
1194 3757 1261 3806 ut
1304 3767 1398 3807 res
1429 3767 1598 3807 novae
1624 3746 1789 3818 fiant,
1834 3766 1949 3809 nec
1976 3758 2176 3808 tamen
2203 3746 2565 3807 abhorreant

545 3862 582 3904 a
623 3845 1065 3906 consuetudine.
1149 3844 1521 3906 Inducuntur
1562 3844 1719 3905 enim
1759 3843 2066 3906 benevolae
2101 3864 2348 3915 socrus;
2393 3863 2563 3905 vere-

552 3940 748 4002 cunda
774 3962 991 4012 nurum
1039 3942 1370 4003 lenissimus
1396 3943 1458 4003 in
1487 3963 1737 4006 uxorem
1764 3941 2028 4018 maritus,
2069 3952 2132 4004 et
2160 3942 2300 4003 item
2329 3941 2569 4004 deditus

554 4039 726 4103 matri
754 4059 918 4113 suae3
959 4040 1241 4103 meretrix
1269 4041 1447 4103 bona.
