2917 4900
462 384 671 457 lxxvi·
874 384 1452 452 JOACHIMUS
1520 374 2165 451 CAMRRARIUS

463 569 625 639 Quin
665 569 845 632 etiam
892 570 1141 633 initiales
1180 569 1437 653 syllabas
1475 570 1648 652 quasi·
1680 571 2069 634 absorbentes
2108 569 2303 632 minus
2342 552 2584 653 expres*-

461 684 687 739 serunt.
771 675 896 738 Sed
921 677 1001 739 ad
1026 676 1401 739 extritionem
1426 689 1811 741 revertamur.
1893 677 2146 742 Delituit
2169 676 2349 759 igitur
2367 677 2438 739 in
2459 676 2586 740 La·

462 781 593 841 tina
618 781 1002 864 lingua-saepe
1031 801 1103 844 ac
1130 783 1377 844 multum
1402 784 1466 844 in
1492 783 1998 865 pronunciatione,
2024 784 2224 847 littera
2247 804 2300 848 s.

788 963 1007 1025 Samnis
1034 963 1281 1043 Spar-cus
1306 967 1458 1027 homo
1485 968 1605 1029 vita
1630 968 1727 1027 illa
1750 966 1950 1046 dignm
1975 965 2217 1045 locoque.

789 1072 1044 1133 formido
1070 1074 1205 1151 quid
1227 1094 1355 1153 ago,
1386 1075 1458 1134 da
1492 1072 1549 1133 V
1543 1094 1673 1133 enus
1694 1072 1991 1133 con-silim

792 1179 1030 1239 Pandite
1054 1181 1214 1240 sultis
1234 1200 1408 1259 genas

791 1285 1009 1355 Puncta
1036 1286 1291 1364 emporis
1316 1287 1567 1347 reddant.

464 1458 612 1520 Huc
639 1456 955 1518 referenda
980 1456 1080 1517 illa
1104 1476 1237 1537 quoe
1264 1475 1302 1517 a
1329 1455 1626 1517 Cicerone
1661 1462 2073 1526 memorantur,
2101 1452 2447 1527 multanda,
2477 1470 2579 1515 ‘oa-

460 1564 785 1646 eargmteis,
806 1566 997 1645 palpet
1022 1563 1260 1623 crinibus
1295 1561 1629 1643 iectast-actis
1645 1583 1665 1619 .·
1705 1580 1817 1642 pro
1843 1559 2040 1621 multis
2065 1558 2275 1633 modis,
2299 1557 2456 1619 vasis
2483 1577 2578 1621 ar·

463 1683 626 1752 gent.
659 1670 865 1752 palmis
894 1679 955 1730 et
994 1690 1079 1731 cr.
1107 1668 1282 1730 tectis
1320 1669 1390 1729 fr.
1480 1667 1562 1729 Et
1593 1667 1708 1728 illoe
1737 1669 2036 1745 συγκοπαὶ,
2064 1665 2395 1727 secundum
2429 1684 2578 1746 quas

462 1779 583 1851 tali,
618 1788 680 1837 et
704 1778 794 1837 ala
819 1774 1035 1847 extitit,
1074 1775 1152 1835 de
1181 1772 1394 1837 taxillis
1422 1786 1486 1837 et
1521 1775 1735 1838 axilla:
1779 1784 1843 1836 et
1867 1761 2300 1856 meumfactum,
2328 1772 2575 1846 exitium,

460 1903 571 1964 pro
596 1901 861 1945 meorum
887 1881 1192 1954 factorum,
1224 1891 1287 1943 et
1314 1881 1664 1943 exitiorum:
1705 1900 1842 1962 quae
1867 1880 1928 1940 in
1957 1878 2310 1962 quibusdam
2342 1876 2577 1939 usitatae

459 1988 778 2050 admodum
822 1986 1079 2060 fuerunt,
1130 1988 1303 2061 dem,
1344 2008 1561 2047 numum
1609 2007 1851 2061 aureum,
1909 1988 2149 2047 liberum.
2232 1984 2576 2063 Quinctium

460 2093 710 2155 duorum
731 2091 982 2152 virorum
998 2089 1306 2168 Judicium,
1329 2102 1433 2153 aut
1458 2091 1638 2153 trium
1663 2093 1918 2153 virorum
1958 2091 2317 2174 capitalium,
2347 2101 2452 2152 aut
2471 2090 2580 2152 de·

460 2220 594 2263 cem
630 2199 885 2259 virorum
909 2198 1106 2260 litibus
1138 2197 1498 2275 judicandiS,
1539 2200 1623 2261 ait
1648 2218 1716 2261 se
1748 2198 1983 2271 Cicero,
2021 2197 2222 2258 dicere
2247 2215 2572 2277 nunquam,
2600 2240 2604 2244 -

457 2304 752 2389 quomodo
789 2305 977 2386 ergo?
1023 2304 1290 2367 nimirum
1336 2309 1823 2386 συγκεκομμένοις,
1853 2304 2016 2363 duum
2058 2305 2253 2377 virumn,
2293 2314 2357 2364 et
2395 2286 2573 2363 trium

461 2416 660 2487 virum,
685 2425 748 2475 et
770 2413 982 2475 decem
1004 2414 1199 2475 virum,
1281 2414 1436 2476 Item
1466 2410 1599 2486 siet,
1630 2410 1727 2472 sit.
1809 2410 1865 2470 E
1890 2428 2016 2491 rep.
2042 2428 2151 2491 pro
2180 2427 2300 2471 exe
2334 2410 2574 2488 pomer-i-

459 2524 636 2584 dianis
665 2521 1003 2604 quadrigas,
1030 2542 1139 2604 pro
1174 2518 1678 2604 postmeridianas.
1759 2517 1878 2579 His
1916 2517 2210 2579 addantur
2246 2519 2539 2579 ‹is-omo!
2553 2539 2574 2577 ι

459 2630 637 2689 viden’
665 2629 775 2690 ain·
800 2628 966 2689 satiu’
984 2630 1122 2688 men’
1154 2628 1341 2688 milcin’
1382 2625 1461 2686 de
1489 2623 1704 2707 quibus
1738 2623 2063 2686 abscissum
2090 2633 2184 2688 est
2222 2642 2322 2684 ne.
2403 2624 2574 2698 Eris,

460 2739 601 2809 dein,
622 2737 811 2818 proin,
841 2746 1146 2817 amputato
1172 2734 1248 2798 de
1269 2756 1287 2797 ε
1311 2734 1526 2816 famul,
1554 2750 1662 2814 pro
1685 2728 1958 2794 famlilus·
1995 2729 2346 2792 Lucretius:

783 2918 925 2978 Orsa
953 2918 1074 2977 dedi
1100 2926 1263 2977 terroe
1283 2916 1512 2994 proinde
1536 2934 1602 2974 ac
1608 2911 1808 2996 famul
1828 2912 2043 2991 infimus
2070 2922 2229 2974 essct.

465 3088 660 3168 Volup,
690 3089 910 3160 animal,
939 3089 1228 3165 exemplar,
1267 3085 1345 3147 de
1381 3067 1592 3166 quibus
1634 3083 1887 3146 recisum
1927 3093 2032 3148 est.
2060 3104 2116 3144 e.
2148 3083 2253 3157 illi,
2284 3105 2394 3168 pro
2424 3085 2570 3150 illic.

449 3196 588 3259 Jam
618 3196 696 3258 de
722 3195 1107 3277 productione
1136 3206 1198 3256 et
1224 3195 1594 3276 correptione
1618 3195 1909 3257 vocalium
1942 3195 2124 3259 multa
2155 3193 2276 3255 dici
2307 3199 2570 3275 possent.

453 3302 604 3375 Fuit,
615 3303 754 3382 fieri
771 3326 790 3362 .·
832 3312 1078 3364 extenta
1101 3301 1297 3382 priore
1323 3301 1570 3382 syllaba.
1653 3301 1908 3375 Indicas,
1929 3310 1999 3361 ut
2016 3300 2101 3361 ait
2120 3299 2352 3374 Cicero,
2380 3300 2571 3381 prima

450 3409 647 3494 brevit
704 3408 1063 3470 'Secundum
1084 3407 1215 3469 haec
1236 3407 1385 3468 fiunt
1412 3406 1668 3469 mirificae
1697 3406 2051 3482 collisiones,
2073 3408 2365 3484 elisiones,
2386 3407 2573 3471 detri-

450 3516 664 3587 tiones,
700 3523 761 3575 et
794 3513 1348 3596 comprehensiones
1371 3514 1673 3577 literarum
1699 3534 1770 3576 ac
1795 3516 2172 3598 syllabarum,
2213 3527 2278 3577 et
2310 3537 2572 3598 pronun·

451 3620 708 3682 clatione
735 3621 893 3696 vera,
933 3639 1108 3701 quam
1142 3638 1304 3702 soepe
1332 3639 1438 3680 nos
1470 3641 1590 3681 non
1623 3640 1930 3702 possumus
1963 3624 2319 3702 conjecturis
2355 3623 2571 3686 nostris

451 3725 756 3807 consequi,
782 3746 984 3786 versus
1011 3726 1375 3807 procedunt.
1415 3728 1477 3788 in
1504 3727 1716 3808 quibus
1749 3730 2045 3809 scriptura
2070 3749 2190 3791 ιιοιι
2223 3750 2379 3804 raro,
2407 3729 2570 3813 prae'·

447 3834 649 3896 sertim
685 3833 746 3894 in
786 3832 1111 3906 dilatando,
1140 3854 1417 3896 numeros
1441 3854 1563 3894 non
1593 3845 1808 3894 servat.
1895 3833 2018 3895 Sed
2054 3854 2215 3898 nunc
2242 3845 2306 3896 et
2338 3831 2565 3913 eorum,

348 3927 365 3940 ⁸
450 3939 529 4000 de
565 3939 774 4019 quibus
810 3939 996 4000 multo
1025 3940 1212 4001 minus
1238 3939 1512 4013 diximus,
1540 3959 1717 4021 quam
1755 3939 1874 4001 dici
1914 3941 2231 4022 potuisset,
2271 3951 2334 4005 et
2366 3953 2570 4006 tamen

450 4044 592 4105 satis
616 4044 800 4106 fuisse
826 4043 1206 4106 manifestum
1234 4044 1520 4107 indicium
1556 4046 1807 4122 videtur,
1836 4045 2112 4109 Plautina
2138 4049 2407 4130 exempla
2426 4047 2570 4111 affe-

332 4169 339 4178 ⁴
448 4169 675 4214 ramus:
698 4160 762 4212 et
786 4150 870 4210 ita
894 4147 1133 4211 tandem
1162 4149 1316 4211 hanc
1339 4151 1507 4231 qussi
1536 4152 2202 4216 commentatiunculam
2221 4154 2489 4218 finiamus
2506 4177 2527 4218 z

611 4313 620 4324 '
692 4315 929 4377 Similem
956 4338 1068 4378 rem
1096 4319 1210 4395 ipse
1236 4320 1291 4378 in
1322 4320 1490 4398 Iegem
1500 4320 1684 4398 jussit
1703 4340 1826 4382 esse
1853 4318 2141 4399 Juppiter.
