2917 4900
429 400 605 465 xviii*
1016 404 1272 467 mvn
1338 406 1962 471 CASTIGATIO.

427 583 671 657 Donati,
698 582 1037 666 ubicunque
1072 583 1300 659 liceret,
1325 585 1506 647 fidem
1545 606 1844 669 sequerer,
1870 587 2200 668 interpretis
2230 585 2538 649 undecune

425 712 541 773 que
567 689 922 753 doctissimie
963 691 1040 751 ab
1066 710 1257 771 eoque
1282 711 1360 752 ne
1384 703 1786 754 transversum
1811 693 2068 772 quidem,
2107 702 2175 751 ut
2213 691 2528 764 siuntsdi-

426 796 612 877 gitum
652 795 1055 856 discederem:
1095 796 1205 856 sed
1242 796 1390 857 citra
1424 796 1898 876 superstitionem
1925 807 2143 869 tamen,
2173 808 2237 857 et
2273 816 2408 856 cum
2430 801 2529 872 ju-

427 903 582 964 dicio
625 921 878 983 semper.
960 902 1256 962 Caeterum
1288 921 1425 984 cum
1462 902 1776 983 plerosque
1815 902 1943 962 fore
1984 902 2366 982 suspicemur,
2408 902 2529 982 qui,

424 1008 587 1089 quod
613 1006 881 1068 carminis
907 1006 1195 1067 rationem
1219 1005 1514 1085 ignorent,
1539 1008 1641 1066 vix
1667 1016 1807 1087 apte
1831 1007 1973 1068 satis
2000 1007 2089 1067 his
2118 1007 2194 1068 de
2226 1009 2401 1068 rebus
2431 1010 2530 1086 ju·

428 1113 626 1173 dicare
650 1123 903 1191 queant=
956 1110 1145 1172 visum
1169 1120 1260 1171 est
1283 1113 1579 1193 subjicere
1605 1114 1885 1175 nonnulla
1916 1112 2035 1186 hic,
2073 1133 2206 1194 quae
2241 1114 2406 1175 velut
2434 1117 2528 1193 ja-

427 1236 605 1279 nuam
644 1215 1026 1296 patefaciant,
1068 1225 1132 1276 et
1155 1215 1327 1288 viam,
1355 1226 1422 1276 ut
1462 1217 1695 1290 dicitur,
1736 1218 2118 1298 praemuniant
2156 1219 2527 1299 imperitiori-

426 1326 571 1385 bus:
615 1342 734 1404 quo
761 1321 975 1382 certius
996 1322 1072 1381 de
1094 1321 1500 1400 recognitione
1525 1333 1729 1384 nostra
1749 1322 2034 1401 judicium
2058 1322 2275 1396 facere,
2305 1334 2367 1385 et
2393 1342 2528 1385 sen-

426 1428 675 1489 tentiam
709 1428 865 1487 ferre
901 1424 1147 1506 possint.
1232 1426 1424 1506 Igitur
1450 1428 1660 1488 comici
1687 1427 1931 1489 Plautus
1966 1438 2031 1488 et
2056 1426 2368 1491 Terentius
2399 1448 2528 1490 me-

425 1547 521 1596 tro
559 1535 688 1595 fere
722 1543 968 1595 utuntur
1003 1532 1100 1593 vel
1137 1534 1415 1609 jambico,
1451 1535 1548 1594 vel
1595 1534 1896 1595 trochaico
1931 1534 2029 1594 vel
2066 1545 2317 1616 utroque
2355 1534 2538 1596 simul
2667 1570 2670 1573 ·

429 1640 696 1702 confuso.
776 1638 1111 1701 Jambicum
1128 1637 1223 1698 vel
1252 1651 1678 1700 monometrum
1705 1651 1819 1713 est,
1845 1639 2006 1719 quod
2027 1639 2257 1701 duobus
2282 1639 2534 1721 pedibus

427 1746 785 1826 simplicibus
820 1754 1081 1807 constat:
1135 1744 1231 1807 vel
1271 1745 1602 1818 dimetrum,
1642 1746 1806 1827 quod
1847 1757 2130 1826 quatuor:
2189 1746 2284 1809 vel
2331 1746 2532 1807 trime-

426 1861 599 1923 trum,
627 1851 789 1932 quod
821 1871 950 1924 sex,
981 1853 1079 1933 qui
1106 1863 1167 1913 et
1193 1851 1406 1914 senarii
1431 1851 1704 1911 dicuntur
1728 1851 1823 1911 M.
1855 1851 2052 1911 Tullio
2079 1861 2142 1911 et
2167 1851 2311 1910 Fab.
2340 1851 2529 1917 Quin-

427 1957 666 2022 tiliano:
709 1956 803 2021 vel
837 1966 1262 2028 tetrametrum,
1287 1954 1447 2035 quod
1482 1965 1655 2015 octox
1696 1955 1799 2035 qui
1824 1965 1886 2015 et
1923 1954 2195 2036 quadrati
2225 1955 2534 2034 appellem.

429 2073 545 2134 tur,
600 2072 664 2121 et
717 2060 1019 2122 octonarii.
1127 2060 1221 2120 Ex
1275 2059 1439 2120 hisce
1489 2059 1757 2121 trimetro
1810 2060 2025 2122 comici
2071 2071 2132 2133 et
2184 2069 2528 2125 tetrametro

428 2166 685 2229 maxime
709 2176 993 2227 utunturz
1035 2165 1161 2227 aliis
1185 2184 1339 2239 raro,
1380 2176 1444 2226 et
1482 2165 1545 2226 in
1578 2167 1777 2228 medio
1799 2168 1943 2228 fere
1966 2164 2162 2244 (sicuti
2189 2164 2526 2241 Priscianus

430 2271 753 2349 annotavit)
778 2270 1167 2332 distinctionis
1203 2290 1402 2332 causa.
1483 2272 1664 2339 Quod
1699 2271 1779 2333 ad
1812 2271 2229 2353 pedes-attinet
2260 2268 2528 2349 jambici‚

431 2394 649 2460 magna
670 2378 942 2439 libertate
970 2377 1180 2439 comici
1205 2377 1609 2438 indifferenter
1634 2378 1821 2439 ubivis
1846 2387 2092 2460 ponunt,
2113 2375 2403 2456 jambum,
2422 2375 2528 2436 tri-

430 2486 714 2567 brachyn,
748 2495 1128 2566 anapaestum,
1158 2485 1484 2565 dactylum,
1520 2485 1845 2564 spondeum
1861 2506 1880 2543 a
1921 2485 1980 2543 in
2004 2483 2123 2544 fine
2158 2483 2526 2563 plerumque,

432 2600 538 2652 aut
570 2591 854 2670 J‘ambum‚
880 2601 982 2651 aut
1022 2589 1443 2671 pyrhricbium,
1471 2607 1768 2668 nunquam
1793 2588 1904 2649 nisi
1940 2587 2002 2648 in
2035 2598 2314 2649 scazonte
2349 2607 2526 2668 spon·

433 2696 629 2756 deum.
714 2694 915 2756 Utitur
943 2694 1252 2756 Terentius
1280 2714 1440 2774 soepe
1478 2695 1540 2754 in
1566 2693 1841 2769 Jambico,
1879 2693 2035 2774 pede
2076 2702 2320 2773 quatuor
2349 2692 2530 2773 sylla·

430 2801 639 2861 barum
674 2800 936 2860 brevium
969 2799 1516 2881 proceleusmatico,
1552 2798 1729 2877 idque
1769 2816 1874 2877 per
1915 2797 2328 2879 resolutionem
2353 2816 2527 2876 spon·

432 2905 557 2967 deit
599 2917 668 2966 ut
702 2906 763 2966 in
790 2905 1026 2977 Andria,
1052 2907 1197 2966 mala
1233 2923 1397 2977 mens,
1423 2906 1598 2963 malus
1636 2904 1862 2976 animus,
1893 2925 2047 2982 quem
2086 2905 2296 2984 quidem
2335 2922 2437 2983 ego
2473 2904 2528 2963 si

431 3033 678 3074 seruet-o:
737 3012 837 3073 hic
879 3011 1143 3074 secundo
1185 3011 1316 3070 loco
1365 3019 1457 3070 est
1493 3010 2071 3090 proceleusmaticus.
2171 3012 2247 3072 In
2283 3013 2527 3074 eadem:

435 3122 537 3181 tibi
570 3139 827 3200 generum
844 3118 1097 3193 fimum,
1140 3124 1195 3174 et
1221 3116 1364 3193 filioe
1392 3116 1629 3176 invenies
1671 3116 1845 3176 virum
1867 3138 1886 3174 .-
1935 3114 2030 3178 hic
2065 3115 2250 3196 prima
2287 3118 2527 3200 regione
2619 3103 2634 3118 ⁹

432 3227 595 3288 idem
636 3246 762 3306 pes.
846 3224 927 3286 Et
965 3233 1165 3283 autem
1206 3222 1429 3303 duplex
1458 3222 1699 3298 jambici
1742 3242 1962 3302 genus:
2013 3223 2258 3285 alterum
2297 3235 2529 3287 rectum

435 3332 839 3413 perfectumve
870 3337 1135 3401 vocatur,
1163 3329 1412 3390 alterum
1441 3330 1714 3399 σκάζοντα
1741 3330 1777 3399 ἢ
1804 3328 2178 3411 χωλίαμβονε
2220 3333 2393 3410 cujus
2423 3350 2529 3412 pe-

423 3435 738 3498 nultimam
762 3435 823 3494 in
849 3434 967 3496 fine
993 3435 1230 3515 longam
1257 3453 1388 3497 esse
1414 3445 1670 3515 oportet.
1751 3435 2073 3516 Utriusque
2095 3436 2360 3499 meminit
2386 3437 2533 3499 Ovi-

437 3543 586 3615 dius,
621 3562 757 3604 cum
798 3541 976 3613 canit,
1018 3542 1152 3601 liber
1188 3541 1248 3600 in
1282 3542 1536 3604 adversos
1572 3541 1749 3601 hostes
1783 3542 2097 3622 stringatur
2113 3544 2362 3619 jarnbm,
2408 3544 2531 3606 Seu

438 3651 596 3718 celer,
645 3655 938 3706 extremm
983 3666 1078 3704 seu
1126 3647 1314 3705 trahat
1364 3647 1455 3705 ille
1500 3647 1707 3723 pedem,
1754 3646 1936 3707 utitur
1975 3647 2297 3709 identidem
2350 3663 2532 3731 poeta

431 3752 688 3834 jambico
715 3760 1055 3811 tetrametro
1082 3749 1459 3816 catalectico„
1487 3750 1546 3809 id
1574 3761 1683 3823 est,
1712 3752 1809 3812 cui
1835 3753 2061 3833 syllaba
2085 3753 2144 3813 in
2183 3755 2303 3817 fine
2344 3758 2532 3819 desit:

440 3856 638 3940 quoin
660 3854 1027 3927 catalectico,
1054 3855 1164 3916 sibi
1183 3856 1336 3918 inter
1355 3857 1471 3918 alia
1488 3857 1602 3917 hoc
1616 3877 1850 3937 quoque
1875 3861 2178 3939 permittit,
2203 3872 2271 3922 ut
2295 3883 2404 3942 pro
2429 3882 2534 3943 pce

424 3961 680 4032 ,nultima
701 3961 882 4039 longa
915 3961 1077 4021 haud
1102 3981 1233 4022 raro
1259 3961 1402 4025 duas
1426 3962 1636 4022 breves
1661 3973 1864 4042 ponat,
1892 3966 2052 4043 quod
2078 3965 2252 4027 facile
2279 3967 2379 4047 qui
2405 3987 2535 4030 ver»

436 4089 541 4130 sus
567 4067 628 4126 in
663 4086 800 4128 suos
834 4066 1020 4146 pedes
1046 4067 1312 4147 digerere
1337 4068 1514 4141 volet,
1544 4066 1626 4126 sic
1651 4068 1873 4129 habere
1902 4072 2241 4151 comperiet.
2321 4071 2394 4131 In
2414 4082 2536 4133 tro-

444 4172 664 4236 chaicis
704 4171 914 4236 comici
960 4171 1271 4234 indiscrete
1309 4172 1600 4236 interdum
1641 4173 1930 4264 dactylos,
1969 4176 2063 4236 vel
2102 4176 2388 4237 trochaeos
2429 4197 2536 4259 po,-

440 4289 612 4353 nunt,
632 4279 895 4338 nimirum
924 4298 1041 4364 quo
1057 4299 1208 4359 pene
1229 4278 1509 4341 dissoluta
1531 4290 1593 4341 et
1615 4280 1874 4361 pedestri
1890 4273 2178 4364 simillima
2193 4301 2322 4344 esse
2339 4283 2534 4348 videa-
