2917 4900
738 384 899 447 ‘DE
963 383 1373 451 METRIS
1444 382 1921 450 coroner&
2225 392 2395 453 'cxv‘

286 575 477 635 neuton
500 563 772 647 proxima
794 584 905 646 pro
932 577 1212 649 correpta
1239 567 1554 641 habeatur,
1603 566 1963 648 breviorque
1988 575 2168 630 acuta
2202 568 2407 631 videa-

288 682 408 746 μοι,
446 671 627 733 etiam
663 690 802 733 cum
841 669 979 753 ipsa
1010 692 1247 755 quoque
1283 674 1480 738 brevis
1506 684 1620 738 est.
1702 673 2000 757 Exempla
2038 675 2408 756 hujus.infra

286 776 529 837 afferam
556 775 898 839 clarissima.

370 885 618 958 Quinto,
647 895 934 948 accentus
951 885 1216 968 legitime
1232 887 1447 969 migrat
1466 908 1542 950 ex
1559 888 1884 970 penultima
1901 889 1964 950 in
1989 889 2256 953 ultimam
2273 892 2405 967 lonf-

286 1011 446 1072 gam‚
477 993 714 1074 quoties
757 993 897 1055 voci
924 994 1100 1056 alicui
1143 993 1421 1058 enclitica
1444 993 1730 1074 adjuncta
1753 1005 1878 1068 est,-
1911 1011 2050 1055 cum
2075 996 2194 1058 hoc
2217 1010 2402 1078 pacto

289 1097 497 1159 ultima
520 1117 645 1161 non
667 1099 919 1181 amplius
944 1101 1227 1176 ultimam,
1250 1099 1362 1163 sed
1387 1101 1463 1161 ab
1489 1101 1699 1162 ultima
1718 1101 2277 1174 secundamsedem
2299 1125 2403 1167 oc·

287 1214 495 1286 eupet.
524 1224 581 1266 e.
610 1227 672 1286 g.
699 1205 762 1267 in
787 1209 900 1267 deoe
925 1207 1158 1269 acuitur
1180 1207 1386 1290 prima,
1414 1207 1479 1267 in
1505 1208 1718 1287 deeque
1741 1207 2028 1269 secunda.

370 1309 581 1384 Sexto,
610 1311 673 1372 in
699 1312 1031 1395 dissyllabis
1058 1333 1305 1395 quorum
1349 1314 1507 1395 prior
1531 1314 1727 1376 brevis
1767 1323 1877 1388 est,
1908 1315 2098 1376 altera
2122 1314 2323 1397 longa,
2353 1317 2406 1378 si

286 1437 518 1481 caeaura
543 1418 604 1478 in
633 1419 897 1482 diversos
922 1421 1110 1502 pedes
1152 1421 1575 1494 distrahantur,
1603 1431 1889 1482 accentus
1915 1420 2252 1483 necessario
2295 1423 2404 1483 mi-
2437 1424 2442 1431 ’

286 1535 425 1604 grat
448 1525 513 1584 in
532 1525 797 1586 ultimam
818 1552 838 1599 3
869 1526 1030 1609 quod
1056 1527 1191 1589 ideo
1209 1527 1435 1587 licitum
1461 1525 1596 1598 fuit,
1625 1524 1764 1607 quia
1782 1525 1909 1586 fieri
1938 1544 2058 1586 non
2084 1537 2321 1607 poterat
2337 1539 2407 1588 ut

284 1640 487 1709 poetae
514 1629 633 1691 hae
647 1630 895 1693 licentia
919 1640 1047 1692 non'
1064 1642 1409 1700 uterentur3
1447 1632 1576 1711 ipsa
1600 1630 1776 1691 metri·
1799 1633 2119 1692 necessitas
2139 1645 2408 1695 excusat.

286 1735 429 1797 Nec
452 1734 627 1797 vitari
666 1746 867 1816 potest
892 1735 954 1795 in
981 1735 1237 1816 cujusvis
1276 1734 1513 1815 generis
1522 1736 1806 1816 jambicis,
1835 1736 2068 1817 quoties
2088 1757 2295 1799 versus
2324 1740 2402 1800 ab

284 1840 635 1920 hujusmodi
658 1861 809 1903 voce
834 1841 1070 1923 incipit;
1111 1852 1175 1903 et
1199 1841 1252 1903 si
1276 1842 1337 1902 in
1378 1842 1560 1903 talem
1602 1841 1852 1916 desinat,
1893 1863 2265 1924 quaecunque
2290 1865 2406 1905 vox

284 1948 684 2028 praeeesserit,
714 1948 921 2010 ultima
945 1953 1072 2027 ejus
1093 1949 1322 2031 syllaba
1341 1950 1391 2012 si
1419 1950 1601 2030 longa
1622 1950 1720 2030 sit,
1745 1969 1783 2011 a
1808 1950 2021 2013 ceteris
2047 1951 2273 2013 divulsa
2296 1952 2404 2014 fiet

286 2054 482 2135 prima
500 2054 674 2135 pedis
700 2055 921 2128 cretici,
948 2054 1221 2136 adeoque
1262 2055 1326 2116 in
1368 2056 1805 2137 pronuntiando
1830 2066 2092 2118 acuetur.
2117 2057 2282 2137 quod
2305 2076 2407 2118 va-

288 2161 379 2221 let
407 2161 589 2222 etiam
609 2161 669 2221 in
700 2162 991 2222 trochaicis
1031 2163 1383 2235 catalecticis,
1413 2163 1514 2245 qui
1533 2162 1648 2225 hac
1674 2164 1737 2224 in
1762 2174 1931 2245 parte
1948 2164 2300 2243 abjmbicis
2317 2164 2408 2224 ni·

288 2268 373 2328 bil
396 2268 694 2331 differunt.

370 2374 666 2462 Septimo,
707 2375 770 2436 in
797 2375 1113 2458 trisyllabis
1146 2376 1316 2437 metri
1355 2375 1617 2437 conditio
1657 2376 1953 2437 interdum
1972 2387 2165 2438 mutat
2191 2396 2403 2439 accen-

290 2499 443 2558 tum,
469 2484 733 2564 facitque
770 2493 839 2543 ut
858 2503 907 2544 e·
919 2482 1109 2563 prima
1130 2483 1195 2544 in
1220 2483 1545 2545 secundam
1569 2483 1817 2563 migret3
1860 2505 1997 2545 cum
2036 2483 2260 2564 scilicet
2283 2485 2405 2564 syl-

288 2595 429 2656 laba
445 2590 642 2655 brevis
669 2602 807 2652 ante
833 2602 1058 2652 mutam
1086 2602 1149 2651 et
1175 2589 1457 2673 liquidam
1477 2589 1864 2672 producitur:
1906 2600 1975 2648 ut
2004 2588 2056 2649 si
2081 2589 2407 2653 secundam

290 2700 356 2760 in
382 2702 631 2760 volueres
646 2698 959 2778 producas,
984 2717 1117 2777 quae
1138 2707 1316 2758 extra
1341 2708 1597 2758 metrum
1623 2707 1688 2757 et
1710 2696 1769 2755 in
1806 2715 1911 2757 ore
1942 2695 2143 2776 populi
2170 2714 2407 2776 semper

295 2804 627 2885 corripitur.
648 2802 758 2863 sed
778 2821 899 2862 non
924 2801 1067 2862 licet
1096 2813 1303 2863 contra
1332 2802 1393 2862 in
1420 2801 1735 2883 trisyllabis
1757 2811 2064 2864 accentum
2091 2822 2127 2862 e
2148 2801 2408 2862 secunda

293 2912 355 2972 in
373 2911 625 2992 primam
648 2909 745 2970 vel
789 2908 1023 2970 tertiam
1064 2928 1324 2982 movere,
1366 2908 1738 2989 mediamque
1763 2908 1909 2972 licet
1949 2906 2239 2988 positione
2278 2906 2409 2968 sola

291 3019 533 3098 long-am
575 3016 908 3098 corripere;
951 3036 1086 3076 cum
1114 3036 1187 3077 eo
1225 3016 1491 3096 legitima
1527 3014 1947 3098 pronuntiandi
1974 3013 2123 3077 ratio
2159 3014 2404 3073 nimium
2511 3081 2516 3090 ⁸

294 3125 655 3196 immutetur,
693 3142 809 3182 nec
852 3121 1266 3183 immutationis
1303 3122 1520 3184 idonea
1565 3121 1707 3182 satis
1757 3141 1934 3183 causa
1970 3118 2253 3191 audienti,
2278 3137 2402 3197 quo

296 3230 485 3290 minus
514 3229 862 3302 offendatur,
892 3249 958 3289 se
979 3230 1272 3291 ostendat.
1300 3241 1390 3292 est
1408 3228 1647 3309 quidem
1675 3228 1774 3289 ubi
1803 3227 2050 3287 Plautus
2085 3225 2200 3285 hac
2222 3224 2401 3285 etiam

293 3335 539 3398 licentia
586 3337 792 3410 utitur,
834 3336 943 3396 sed
983 3336 1251 3417 parcius;
1291 3356 1348 3398 e.
1389 3357 1452 3415 g.
1489 3338 1546 3396 vi
1585 3355 1789 3397 eorum
1831 3354 1965 3417 quse
2007 3343 2220 3414 quarto
2266 3332 2402 3393 loco

295 3442 451 3504 dicta
492 3454 647 3517 sunt,
691 3442 989 3525 corripere
1016 3442 1163 3503 licet
1187 3441 1507 3503 secundam
1533 3441 1597 3501 in
1621 3441 1937 3519 voluptatis,
1969 3439 2078 3499 sed
2103 3459 2225 3499 non
2243 3439 2404 3500 idem

294 3549 434 3610 licet
458 3550 521 3609 in
548 3551 818 3627 voluptas,
847 3549 1109 3630 quamvis
1134 3547 1253 3609 hoc
1274 3568 1513 3629 quoque
1540 3566 1578 3606 a
1602 3546 1817 3607 Plauto
1843 3545 2054 3627 saepius
2079 3546 2205 3607 fiat.

376 3655 580 3742 Unum
606 3674 783 3736 porro
812 3653 1166 3715 monendum
1193 3663 1461 3733 superest
1503 3652 1580 3713 de
1620 3651 2092 3733 pronuntiatione
2119 3671 2410 3713 consona«

296 3780 425 3821 rum
452 3762 632 3833 ietu,
663 3781 797 3840 quse
837 3780 955 3820 non
994 3772 1117 3821 tam
1158 3759 1306 3819 dure
1342 3758 1655 3819 efferendae
1680 3769 1834 3829 sunt,
1860 3778 1932 3818 ac
1959 3758 2119 3839 apud
2139 3778 2248 3819 nos
2276 3759 2406 3819 fieri

299 3866 469 3940 solet,
490 3866 601 3927 sed
626 3864 895 3944 molliore
942 3883 1107 3940 sone,
1147 3864 1366 3944 quique
1405 3863 1671 3943 proxime
1713 3862 1965 3923 accedat
1992 3864 2069 3923 ad
2098 3863 2260 3923 illum
2287 3884 2405 3944 quo

301 3972 743 4055 pronuntiamus
762 3993 805 4051 y
845 3983 906 4031 et
934 3991 1019 4043 ως
1057 3971 1222 4051 quod
1249 3979 1311 4031 et
1335 3971 1410 4030 ab
1459 3969 1587 4030 aliis
1630 3969 1852 4030 dudum
1894 3970 2267 4031 observatum
2293 3981 2406 4043 est,

299 4092 365 4141 et
388 4100 591 4142 verum
630 4097 763 4140 esse
790 4078 1026 4139 abunde
1055 4088 1288 4139 constat
1306 4097 1386 4137 ex
1413 4076 1866 4138 resolutionibus
1901 4076 2255 4157 syllabarum
2273 4096 2408 4155 quae

300 4186 377 4246 ab
417 4186 540 4246 istis
565 4183 749 4246 literis
775 4183 1083 4264 incipiunt,
1124 4203 1259 4272 quse
1296 4202 1594 4262 nunquam
1639 4193 1760 4244 tam
1800 4183 2022 4243 crebrae
2047 4181 2313 4254 fuissent,
2355 4182 2409 4242 si

300 4304 529 4354 veteres
555 4293 755 4354 literas
783 4310 885 4353 eas
934 4289 1146 4352 eodem
1191 4309 1308 4371 quo
1348 4308 1455 4350 nos
1504 4291 1682 4353 modo
1721 4289 2228 4370 pronuntiassent:
2270 4309 2406 4350 cum
