<?xml version="1.0" encoding="UTF-8"?>
<!DOCTYPE html PUBLIC "-//W3C//DTD XHTML 1.0 Transitional//EN"
    "http://www.w3.org/TR/xhtml1/DTD/xhtml1-transitional.dtd">
<html xmlns="http://www.w3.org/1999/xhtml" xml:lang="en" lang="en">
 <head>
  <title>
</title>
<meta http-equiv="Content-Type" content="text/html;charset=utf-8" />
  <meta name='ocr-system' content='tesseract 3.04.00' />
  <meta name='ocr-capabilities' content='ocr_page ocr_carea ocr_par ocr_line ocrx_word'/>
</head>
<body>
  <div class='ocr_page' id='page_1' title='image "./pterentiicartha01unkngoog/pterentiicartha01unkngoog_0137.png"; bbox 0 0 2917 4900; ppageno 0'>
   <div class='ocr_carea' id='block_1_1' title="bbox 782 388 2413 459">
    <p class='ocr_par' dir='ltr' id='par_1_1' title="bbox 782 388 2413 459">
     <span class='ocr_line' id='line_1_1' title="bbox 782 388 2413 459; baseline 0.002 -5"><span class='ocrx_word' id='word_1_1' title='bbox 782 388 919 454; x_wconf 75' lang='lat' dir='ltr'><strong>DE</strong></span> <span class='ocrx_word' id='word_1_2' title='bbox 980 391 1386 455; x_wconf 78' lang='lat' dir='ltr'>METRIS</span> <span class='ocrx_word' id='word_1_3' title='bbox 1458 392 1937 457; x_wconf 80' lang='lat' dir='ltr'><strong>coMICIS.</strong></span> <span class='ocrx_word' id='word_1_4' title='bbox 2239 398 2413 459; x_wconf 65' lang='lat' dir='ltr'><strong>cxxi*</strong></span> 
     </span>
    </p>
   </div>
   <div class='ocr_carea' id='block_1_2' title="bbox 633 574 2126 952">
    <p class='ocr_par' dir='ltr' id='par_1_2' title="bbox 633 574 2126 952">
     <span class='ocr_line' id='line_1_2' title="bbox 876 574 1851 656; baseline 0.002 -21"><span class='ocrx_word' id='word_1_5' title='bbox 876 576 1197 656; x_wconf 69' lang='lat' dir='ltr'><strong>Apocopen</strong></span> <span class='ocrx_word' id='word_1_6' title='bbox 1216 574 1492 655; x_wconf 81' lang='lat' dir='ltr'><strong>exempla</strong></span> <span class='ocrx_word' id='word_1_7' title='bbox 1515 575 1647 636; x_wconf 79' lang='lat' dir='ltr'><strong>hoec</strong></span> <span class='ocrx_word' id='word_1_8' title='bbox 1676 576 1851 637; x_wconf 83' lang='lat' dir='ltr'><strong>habe.</strong></span> 
     </span>
     <span class='ocr_line' id='line_1_3' title="bbox 633 730 2038 792; baseline -0.004 -10"><span class='ocrx_word' id='word_1_9' title='bbox 633 734 732 782; x_wconf 72' lang='lat' dir='ltr'><strong>itan</strong></span> <span class='ocrx_word' id='word_1_10' title='bbox 1054 741 1138 781; x_wconf 78' lang='lat' dir='ltr'><strong>tun</strong></span> <span class='ocrx_word' id='word_1_11' title='bbox 1461 733 1510 780; x_wconf 81' lang='lat' dir='ltr'><strong>in</strong></span> <span class='ocrx_word' id='word_1_12' title='bbox 1533 738 1617 792; x_wconf 74' lang='lat' dir='ltr'><strong>pro</strong></span> <span class='ocrx_word' id='word_1_13' title='bbox 1638 733 1731 779; x_wconf 77' lang='lat' dir='ltr'><strong>ime</strong></span> <span class='ocrx_word' id='word_1_14' title='bbox 1896 734 1912 765; x_wconf 79' lang='lat'>¹</span> <span class='ocrx_word' id='word_1_15' title='bbox 1927 730 2038 778; x_wconf 62' lang='grc' dir='ltr'><strong>κίον’</strong></span> 
     </span>
     <span class='ocr_line' id='line_1_4' title="bbox 634 811 2126 873; baseline -0.002 -13"><span class='ocrx_word' id='word_1_16' title='bbox 634 812 758 860; x_wconf 67' lang='lat' dir='ltr'><strong>cath</strong></span> <span class='ocrx_word' id='word_1_17' title='bbox 1056 813 1265 873; x_wconf 62' lang='grc' dir='ltr'><strong>ραι-ιιι·</strong></span> <span class='ocrx_word' id='word_1_18' title='bbox 1456 811 1607 858; x_wconf 68' lang='lat' dir='ltr'><strong>laben</strong></span> <span class='ocrx_word' id='word_1_19' title='bbox 1917 813 2095 872; x_wconf 66' lang='lat' dir='ltr'><strong>poem·</strong></span> <span class='ocrx_word' id='word_1_20' title='bbox 2121 826 2126 831; x_wconf 90' lang='lat'><em>·</em></span> 
     </span>
     <span class='ocr_line' id='line_1_5' title="bbox 633 888 2121 952; baseline -0.001 -14"><span class='ocrx_word' id='word_1_21' title='bbox 633 904 755 952; x_wconf 69' lang='lat' dir='ltr'><strong>03oe</strong></span> <span class='ocrx_word' id='word_1_22' title='bbox 1056 904 1203 937; x_wconf 67' lang='lat' dir='ltr'><strong>unna</strong></span> <span class='ocrx_word' id='word_1_23' title='bbox 1461 888 1605 937; x_wconf 76' lang='lat' dir='ltr'><strong>viden</strong></span> <span class='ocrx_word' id='word_1_24' title='bbox 1916 888 2121 937; x_wconf 75' lang='lat' dir='ltr'><strong>uimnl’.</strong></span> 
     </span>
    </p>
   </div>
   <div class='ocr_carea' id='block_1_3' title="bbox 306 1069 2486 4025">
    <p class='ocr_par' dir='ltr' id='par_1_3' title="bbox 306 1069 2428 2754">
     <span class='ocr_line' id='line_1_6' title="bbox 392 1069 2420 1153; baseline 0 -19"><span class='ocrx_word' id='word_1_25' title='bbox 392 1071 670 1153; x_wconf 86' lang='lat' dir='ltr'><strong>Denique</strong></span> <span class='ocrx_word' id='word_1_26' title='bbox 697 1071 758 1131; x_wconf 87' lang='lat' dir='ltr'><strong>in</strong></span> <span class='ocrx_word' id='word_1_27' title='bbox 778 1069 978 1131; x_wconf 83' lang='lat' dir='ltr'><strong>multis</strong></span> <span class='ocrx_word' id='word_1_28' title='bbox 1006 1090 1126 1131; x_wconf 85' lang='lat' dir='ltr'><strong>non</strong></span> <span class='ocrx_word' id='word_1_29' title='bbox 1152 1071 1330 1131; x_wconf 90' lang='lat' dir='ltr'><strong>modo</strong></span> <span class='ocrx_word' id='word_1_30' title='bbox 1370 1091 1399 1129; x_wconf 72' lang='grc' dir='ltr'><strong><em>ε</em></strong></span> <span class='ocrx_word' id='word_1_31' title='bbox 1437 1069 1615 1131; x_wconf 86' lang='lat' dir='ltr'><strong>finale</strong></span> <span class='ocrx_word' id='word_1_32' title='bbox 1641 1090 1760 1152; x_wconf 78' lang='lat' dir='ltr'><strong>pro</strong></span> <span class='ocrx_word' id='word_1_33' title='bbox 1790 1070 1957 1131; x_wconf 88' lang='lat' dir='ltr'><strong>libitu</strong></span> <span class='ocrx_word' id='word_1_34' title='bbox 1979 1071 2280 1151; x_wconf 86' lang='lat' dir='ltr'><strong>abjiciunt,</strong></span> <span class='ocrx_word' id='word_1_35' title='bbox 2311 1075 2420 1139; x_wconf 82' lang='lat' dir='ltr'><strong>sed</strong></span> 
     </span>
     <span class='ocr_line' id='line_1_7' title="bbox 310 1176 2421 1259; baseline 0.003 -20"><span class='ocrx_word' id='word_1_36' title='bbox 310 1181 579 1240; x_wconf 76' lang='lat' dir='ltr'><strong>vocalem</strong></span> <span class='ocrx_word' id='word_1_37' title='bbox 617 1178 793 1240; x_wconf 87' lang='lat' dir='ltr'><strong>etiam</strong></span> <span class='ocrx_word' id='word_1_38' title='bbox 835 1198 967 1258; x_wconf 81' lang='lat' dir='ltr'><strong>quae</strong></span> <span class='ocrx_word' id='word_1_39' title='bbox 988 1178 1257 1257; x_wconf 85' lang='lat' dir='ltr'>proxime</span> <span class='ocrx_word' id='word_1_40' title='bbox 1284 1176 1588 1257; x_wconf 75' lang='lat' dir='ltr'><strong>praecedit.</strong></span> <span class='ocrx_word' id='word_1_41' title='bbox 1626 1179 1897 1259; x_wconf 81' lang='lat' dir='ltr'><strong>exempla</strong></span> <span class='ocrx_word' id='word_1_42' title='bbox 1939 1188 2073 1239; x_wconf 78' lang='lat' dir='ltr'><strong>sunt</strong></span> <span class='ocrx_word' id='word_1_43' title='bbox 2119 1179 2421 1245; x_wconf 77' lang='lat' dir='ltr'><strong>innumera</strong></span> 
     </span>
     <span class='ocr_line' id='line_1_8' title="bbox 313 1282 2419 1370; baseline 0.002 -26"><span class='ocrx_word' id='word_1_44' title='bbox 313 1285 374 1344; x_wconf 86' lang='lat' dir='ltr'><strong>in</strong></span> <span class='ocrx_word' id='word_1_45' title='bbox 400 1285 612 1367; x_wconf 71' lang='lat' dir='ltr'><strong>quibua</strong></span> <span class='ocrx_word' id='word_1_46' title='bbox 632 1306 662 1344; x_wconf 71' lang='lat' dir='ltr'><em>s</em></span> <span class='ocrx_word' id='word_1_47' title='bbox 682 1284 954 1363; x_wconf 85' lang='lat' dir='ltr'><strong>abjicitur</strong></span> <span class='ocrx_word' id='word_1_48' title='bbox 982 1302 1118 1343; x_wconf 89' lang='lat' dir='ltr'><strong>cum</strong></span> <span class='ocrx_word' id='word_1_49' title='bbox 1154 1282 1338 1342; x_wconf 87' lang='lat' dir='ltr'><strong>dictio</strong></span> <span class='ocrx_word' id='word_1_50' title='bbox 1379 1282 1591 1342; x_wconf 84' lang='lat' dir='ltr'><strong>desinit</strong></span> <span class='ocrx_word' id='word_1_51' title='bbox 1609 1284 1669 1344; x_wconf 90' lang='lat' dir='ltr'><strong>in</strong></span> <span class='ocrx_word' id='word_1_52' title='bbox 1689 1307 1789 1350; x_wconf 58' lang='grc' dir='ltr'><strong>απ</strong></span> <span class='ocrx_word' id='word_1_53' title='bbox 1828 1289 1936 1348; x_wconf 82' lang='lat' dir='ltr'><strong>sed</strong></span> <span class='ocrx_word' id='word_1_54' title='bbox 1975 1289 2241 1350; x_wconf 80' lang='lat' dir='ltr'>vocalem</span> <span class='ocrx_word' id='word_1_55' title='bbox 2267 1308 2419 1370; x_wconf 88' lang='lat' dir='ltr'><strong>quo·</strong></span> 
     </span>
     <span class='ocr_line' id='line_1_9' title="bbox 312 1388 2422 1475; baseline 0.002 -25"><span class='ocrx_word' id='word_1_56' title='bbox 312 1410 430 1471; x_wconf 86' lang='lat' dir='ltr'><strong>que</strong></span> <span class='ocrx_word' id='word_1_57' title='bbox 468 1391 566 1453; x_wconf 88' lang='lat' dir='ltr'><strong>cui</strong></span> <span class='ocrx_word' id='word_1_58' title='bbox 598 1391 881 1467; x_wconf 87' lang='lat' dir='ltr'><strong>adjuncta</strong></span> <span class='ocrx_word' id='word_1_59' title='bbox 913 1400 1024 1461; x_wconf 82' lang='lat' dir='ltr'><strong>est,</strong></span> <span class='ocrx_word' id='word_1_60' title='bbox 1059 1388 1317 1449; x_wconf 83' lang='lat' dir='ltr'><strong>resecuit</strong></span> <span class='ocrx_word' id='word_1_61' title='bbox 1345 1408 1503 1469; x_wconf 83' lang='lat' dir='ltr'><strong>saepe</strong></span> <span class='ocrx_word' id='word_1_62' title='bbox 1538 1390 1799 1465; x_wconf 75' lang='lat' dir='ltr'><strong>Plautus,</strong></span> <span class='ocrx_word' id='word_1_63' title='bbox 1828 1394 2007 1475; x_wconf 88' lang='lat' dir='ltr'><strong>idque</strong></span> <span class='ocrx_word' id='word_1_64' title='bbox 2049 1416 2168 1456; x_wconf 89' lang='lat' dir='ltr'><strong>non</strong></span> <span class='ocrx_word' id='word_1_65' title='bbox 2207 1396 2267 1455; x_wconf 92' lang='lat' dir='ltr'><strong>in</strong></span> <span class='ocrx_word' id='word_1_66' title='bbox 2315 1415 2422 1474; x_wconf 81' lang='lat' dir='ltr'><strong>no·</strong></span> 
     </span>
     <span class='ocr_line' id='line_1_10' title="bbox 310 1496 2418 1576; baseline 0.003 -19"><span class='ocrx_word' id='word_1_67' title='bbox 310 1497 564 1558; x_wconf 79' lang='lat' dir='ltr'><strong>minibus</strong></span> <span class='ocrx_word' id='word_1_68' title='bbox 586 1508 832 1570; x_wconf 83' lang='lat' dir='ltr'><strong>tantum,</strong></span> <span class='ocrx_word' id='word_1_69' title='bbox 873 1506 942 1556; x_wconf 88' lang='lat' dir='ltr'><strong>ut</strong></span> <span class='ocrx_word' id='word_1_70' title='bbox 964 1496 1026 1555; x_wconf 91' lang='lat' dir='ltr'><strong>in</strong></span> <span class='ocrx_word' id='word_1_71' title='bbox 1065 1516 1274 1569; x_wconf 66' lang='lat' dir='ltr'><strong>servus,</strong></span> <span class='ocrx_word' id='word_1_72' title='bbox 1295 1497 1404 1556; x_wconf 83' lang='lat' dir='ltr'><strong>sed</strong></span> <span class='ocrx_word' id='word_1_73' title='bbox 1438 1496 1501 1559; x_wconf 90' lang='lat' dir='ltr'><strong>in</strong></span> <span class='ocrx_word' id='word_1_74' title='bbox 1539 1500 1731 1561; x_wconf 81' lang='lat' dir='ltr'><strong>verbis</strong></span> <span class='ocrx_word' id='word_1_75' title='bbox 1768 1501 1966 1574; x_wconf 87' lang='lat' dir='ltr'><strong>etiam,</strong></span> <span class='ocrx_word' id='word_1_76' title='bbox 1988 1514 2054 1562; x_wconf 86' lang='lat' dir='ltr'><strong>ut</strong></span> <span class='ocrx_word' id='word_1_77' title='bbox 2074 1503 2135 1563; x_wconf 89' lang='lat' dir='ltr'><strong>in</strong></span> <span class='ocrx_word' id='word_1_78' title='bbox 2158 1505 2418 1576; x_wconf 73' lang='lat' dir='ltr'><strong>volumus,</strong></span> 
     </span>
     <span class='ocr_line' id='line_1_11' title="bbox 310 1604 2420 1685; baseline 0.001 -20"><span class='ocrx_word' id='word_1_79' title='bbox 310 1607 617 1678; x_wconf 74' lang='lat' dir='ltr'><em>attulimus,</em></span> <span class='ocrx_word' id='word_1_80' title='bbox 643 1610 750 1664; x_wconf 70' lang='lat' dir='ltr'><strong>&amp;c-</strong></span> <span class='ocrx_word' id='word_1_81' title='bbox 833 1604 1061 1664; x_wconf 85' lang='lat' dir='ltr'><strong>Eadem</strong></span> <span class='ocrx_word' id='word_1_82' title='bbox 1102 1624 1338 1685; x_wconf 88' lang='lat' dir='ltr'><strong>quoque</strong></span> <span class='ocrx_word' id='word_1_83' title='bbox 1382 1604 1639 1677; x_wconf 83' lang='lat' dir='ltr'><strong>licentia,</strong></span> <span class='ocrx_word' id='word_1_84' title='bbox 1691 1627 1827 1668; x_wconf 88' lang='lat' dir='ltr'><strong>cum</strong></span> <span class='ocrx_word' id='word_1_85' title='bbox 1863 1628 1981 1668; x_wconf 81' lang='lat' dir='ltr'><strong>vox</strong></span> <span class='ocrx_word' id='word_1_86' title='bbox 2015 1609 2226 1669; x_wconf 81' lang='lat' dir='ltr'><strong>desinit</strong></span> <span class='ocrx_word' id='word_1_87' title='bbox 2263 1609 2321 1668; x_wconf 84' lang='lat' dir='ltr'><strong>in</strong></span> <span class='ocrx_word' id='word_1_88' title='bbox 2350 1611 2420 1682; x_wconf 76' lang='lat' dir='ltr'><strong>is,</strong></span> 
     </span>
     <span class='ocr_line' id='line_1_12' title="bbox 307 1710 2423 1795; baseline 0.003 -26"><span class='ocrx_word' id='word_1_89' title='bbox 307 1731 433 1770; x_wconf 84' lang='lat' dir='ltr'><strong>non</strong></span> <span class='ocrx_word' id='word_1_90' title='bbox 457 1711 640 1770; x_wconf 88' lang='lat' dir='ltr'><strong>modo</strong></span> <span class='ocrx_word' id='word_1_91' title='bbox 666 1732 695 1770; x_wconf 78' lang='grc' dir='ltr'><em>ε</em></span> <span class='ocrx_word' id='word_1_92' title='bbox 731 1711 1020 1788; x_wconf 85' lang='lat' dir='ltr'><strong>abjicitur,</strong></span> <span class='ocrx_word' id='word_1_93' title='bbox 1050 1720 1118 1770; x_wconf 87' lang='lat' dir='ltr'><strong>ut</strong></span> <span class='ocrx_word' id='word_1_94' title='bbox 1146 1710 1206 1770; x_wconf 90' lang='lat' dir='ltr'><strong>in</strong></span> <span class='ocrx_word' id='word_1_95' title='bbox 1235 1712 1438 1790; x_wconf 70' lang='lat' dir='ltr'><strong>magis,</strong></span> <span class='ocrx_word' id='word_1_96' title='bbox 1469 1713 1647 1783; x_wconf 76' lang='lat' dir='ltr'><strong>nimis,</strong></span> <span class='ocrx_word' id='word_1_97' title='bbox 1689 1715 1899 1793; x_wconf 74' lang='lat' dir='ltr'><strong>pergis,</strong></span> <span class='ocrx_word' id='word_1_98' title='bbox 1945 1714 2144 1785; x_wconf 65' lang='lat' dir='ltr'><strong>tristiS,</strong></span> <span class='ocrx_word' id='word_1_99' title='bbox 2188 1714 2347 1795; x_wconf 90' lang='lat' dir='ltr'><strong>quod</strong></span> <span class='ocrx_word' id='word_1_100' title='bbox 2383 1734 2423 1775; x_wconf 82' lang='lat' dir='ltr'><strong>a</strong></span> 
     </span>
     <span class='ocr_line' id='line_1_13' title="bbox 310 1816 2420 1890; baseline 0 -13"><span class='ocrx_word' id='word_1_101' title='bbox 310 1817 603 1878; x_wconf 88' lang='lat' dir='ltr'><strong>Terentio</strong></span> <span class='ocrx_word' id='word_1_102' title='bbox 631 1817 871 1890; x_wconf 84' lang='lat' dir='ltr'><strong>factum,</strong></span> <span class='ocrx_word' id='word_1_103' title='bbox 895 1816 1003 1878; x_wconf 80' lang='lat' dir='ltr'><strong>sed</strong></span> <span class='ocrx_word' id='word_1_104' title='bbox 1040 1819 1090 1876; x_wconf 73' lang='lat' dir='ltr'><strong>is</strong></span> <span class='ocrx_word' id='word_1_105' title='bbox 1112 1817 1314 1889; x_wconf 88' lang='lat' dir='ltr'><strong>etiam,</strong></span> <span class='ocrx_word' id='word_1_106' title='bbox 1352 1827 1419 1876; x_wconf 90' lang='lat' dir='ltr'><strong>ut</strong></span> <span class='ocrx_word' id='word_1_107' title='bbox 1445 1816 1505 1875; x_wconf 92' lang='lat' dir='ltr'><strong>in</strong></span> <span class='ocrx_word' id='word_1_108' title='bbox 1541 1816 1750 1887; x_wconf 74' lang='lat' dir='ltr'><strong>similis,</strong></span> <span class='ocrx_word' id='word_1_109' title='bbox 1779 1817 2086 1888; x_wconf 73' lang='lat' dir='ltr'><strong>consimilis,</strong></span> <span class='ocrx_word' id='word_1_110' title='bbox 2113 1819 2420 1889; x_wconf 70' lang='lat' dir='ltr'><strong>exorabilis,</strong></span> 
     </span>
     <span class='ocr_line' id='line_1_14' title="bbox 308 1921 2422 2001; baseline -0 -17"><span class='ocrx_word' id='word_1_111' title='bbox 308 1925 575 2001; x_wconf 73' lang='lat' dir='ltr'><strong>emporis,</strong></span> <span class='ocrx_word' id='word_1_112' title='bbox 615 1922 857 1984; x_wconf 77' lang='lat' dir='ltr'><strong>Veneris.</strong></span> <span class='ocrx_word' id='word_1_113' title='bbox 899 1921 1210 1982; x_wconf 82' lang='lat' dir='ltr'><strong>Interdum</strong></span> <span class='ocrx_word' id='word_1_114' title='bbox 1236 1945 1264 1980; x_wconf 74' lang='grc' dir='ltr'><strong><em>ε</em></strong></span> <span class='ocrx_word' id='word_1_115' title='bbox 1294 1923 1593 1999; x_wconf 77' lang='lat' dir='ltr'><strong>abjecta‚i</strong></span> <span class='ocrx_word' id='word_1_116' title='bbox 1619 1921 1947 2001; x_wconf 84' lang='lat' dir='ltr'><strong>corripitur,</strong></span> <span class='ocrx_word' id='word_1_117' title='bbox 1977 1941 2168 2001; x_wconf 90' lang='lat' dir='ltr'><strong>neque</strong></span> <span class='ocrx_word' id='word_1_118' title='bbox 2190 1943 2217 1981; x_wconf 79' lang='lat' dir='ltr'><strong><em>s</em></strong></span> <span class='ocrx_word' id='word_1_119' title='bbox 2244 1923 2422 1983; x_wconf 84' lang='lat' dir='ltr'><strong>modo</strong></span> 
     </span>
     <span class='ocr_line' id='line_1_15' title="bbox 306 2012 2421 2111; baseline -0.001 -20"><span class='ocrx_word' id='word_1_120' title='bbox 306 2031 421 2091; x_wconf 69' lang='lat' dir='ltr'><strong>sed</strong></span> <span class='ocrx_word' id='word_1_121' title='bbox 447 2032 500 2089; x_wconf 73' lang='lat' dir='ltr'><strong>is</strong></span> <span class='ocrx_word' id='word_1_122' title='bbox 525 2050 764 2111; x_wconf 87' lang='lat' dir='ltr'><strong>quoque</strong></span> <span class='ocrx_word' id='word_1_123' title='bbox 785 2051 823 2090; x_wconf 89' lang='lat' dir='ltr'><strong>a</strong></span> <span class='ocrx_word' id='word_1_124' title='bbox 842 2029 961 2090; x_wconf 89' lang='lat' dir='ltr'><strong>fine</strong></span> <span class='ocrx_word' id='word_1_125' title='bbox 983 2029 1331 2102; x_wconf 77' lang='lat' dir='ltr'><strong>detrahitur,</strong></span> <span class='ocrx_word' id='word_1_126' title='bbox 1356 2029 1532 2090; x_wconf 86' lang='lat' dir='ltr'><strong>etiam</strong></span> <span class='ocrx_word' id='word_1_127' title='bbox 1560 2048 1692 2088; x_wconf 86' lang='lat' dir='ltr'><strong>cum</strong></span> <span class='ocrx_word' id='word_1_128' title='bbox 1725 2037 1931 2087; x_wconf 84' lang='lat' dir='ltr'><strong>natura</strong></span> <span class='ocrx_word' id='word_1_129' title='bbox 1954 2012 2135 2108; x_wconf 82' lang='lat' dir='ltr'><strong>longa</strong></span> <span class='ocrx_word' id='word_1_130' title='bbox 2150 2040 2241 2089; x_wconf 82' lang='lat' dir='ltr'><strong>est</strong></span> <span class='ocrx_word' id='word_1_131' title='bbox 2262 2055 2279 2102; x_wconf 88' lang='lat'>;</span> <span class='ocrx_word' id='word_1_132' title='bbox 2318 2050 2421 2090; x_wconf 83' lang='lat' dir='ltr'><strong>ex-</strong></span> 
     </span>
     <span class='ocr_line' id='line_1_16' title="bbox 310 2106 2424 2217; baseline 0 -19"><span class='ocrx_word' id='word_1_133' title='bbox 310 2138 528 2217; x_wconf 85' lang='lat' dir='ltr'><strong>empla,</strong></span> <span class='ocrx_word' id='word_1_134' title='bbox 557 2136 662 2198; x_wconf 90' lang='lat' dir='ltr'><strong>ubi</strong></span> <span class='ocrx_word' id='word_1_135' title='bbox 684 2158 713 2196; x_wconf 72' lang='grc' dir='ltr'><strong><em>ε</em></strong></span> <span class='ocrx_word' id='word_1_136' title='bbox 734 2136 1001 2197; x_wconf 86' lang='lat' dir='ltr'><strong>detracta</strong></span> <span class='ocrx_word' id='word_1_137' title='bbox 1026 2138 1049 2195; x_wconf 82' lang='lat' dir='ltr'><strong>i</strong></span> <span class='ocrx_word' id='word_1_138' title='bbox 1074 2134 1396 2216; x_wconf 84' lang='lat' dir='ltr'><strong>corripitur,</strong></span> <span class='ocrx_word' id='word_1_139' title='bbox 1439 2146 1577 2194; x_wconf 81' lang='lat' dir='ltr'><strong>sunt</strong></span> <span class='ocrx_word' id='word_1_140' title='bbox 1612 2136 1798 2193; x_wconf 76' lang='lat' dir='ltr'><strong>multis</strong></span> <span class='ocrx_word' id='word_1_141' title='bbox 1818 2144 1880 2194; x_wconf 80' lang='lat' dir='ltr'><strong>et</strong></span> <span class='ocrx_word' id='word_1_142' title='bbox 1905 2135 2077 2207; x_wconf 71' lang='lat' dir='ltr'><strong>miris,</strong></span> <span class='ocrx_word' id='word_1_143' title='bbox 2106 2155 2185 2195; x_wconf 85' lang='lat' dir='ltr'><strong>ex</strong></span> <span class='ocrx_word' id='word_1_144' title='bbox 2212 2106 2424 2216; x_wconf 44' lang='lat' dir='ltr'><strong>quibu&#39;a</strong></span> 
     </span>
     <span class='ocr_line' id='line_1_17' title="bbox 312 2240 2425 2321; baseline 0 -16"><span class='ocrx_word' id='word_1_145' title='bbox 312 2245 472 2305; x_wconf 79' lang='lat' dir='ltr'><strong>facta</strong></span> <span class='ocrx_word' id='word_1_146' title='bbox 498 2254 637 2304; x_wconf 81' lang='lat' dir='ltr'><strong>sunt</strong></span> <span class='ocrx_word' id='word_1_147' title='bbox 659 2244 988 2305; x_wconf 74' lang='lat' dir='ltr'><em>multimodis</em></span> <span class='ocrx_word' id='word_1_148' title='bbox 1012 2255 1078 2305; x_wconf 89' lang='lat' dir='ltr'><strong>et</strong></span> <span class='ocrx_word' id='word_1_149' title='bbox 1112 2243 1409 2302; x_wconf 74' lang='lat' dir='ltr'><strong><em>mirimodis</em></strong></span> <span class='ocrx_word' id='word_1_150' title='bbox 1432 2264 1452 2301; x_wconf 92' lang='grc'><strong>.·</strong></span> <span class='ocrx_word' id='word_1_151' title='bbox 1494 2240 1784 2320; x_wconf 79' lang='lat' dir='ltr'><strong>posterior</strong></span> <span class='ocrx_word' id='word_1_152' title='bbox 1822 2261 2052 2321; x_wconf 87' lang='lat' dir='ltr'><strong>quoque</strong></span> <span class='ocrx_word' id='word_1_153' title='bbox 2097 2242 2157 2301; x_wconf 89' lang='lat' dir='ltr'><strong>in</strong></span> <span class='ocrx_word' id='word_1_154' title='bbox 2185 2245 2335 2303; x_wconf 72' lang='lat' dir='ltr'><strong>nobis</strong></span> <span class='ocrx_word' id='word_1_155' title='bbox 2362 2255 2425 2305; x_wconf 79' lang='lat' dir='ltr'><strong>et</strong></span> 
     </span>
     <span class='ocr_line' id='line_1_18' title="bbox 318 2330 2428 2430; baseline 0.001 -22"><span class='ocrx_word' id='word_1_156' title='bbox 318 2352 473 2410; x_wconf 68' lang='lat' dir='ltr'><strong>vobis</strong></span> <span class='ocrx_word' id='word_1_157' title='bbox 499 2350 712 2411; x_wconf 86' lang='lat' dir='ltr'><strong>eadem</strong></span> <span class='ocrx_word' id='word_1_158' title='bbox 738 2349 975 2411; x_wconf 85' lang='lat' dir='ltr'><strong>licentia</strong></span> <span class='ocrx_word' id='word_1_159' title='bbox 997 2348 1305 2430; x_wconf 80' lang='lat' dir='ltr'><strong>aliquoties</strong></span> <span class='ocrx_word' id='word_1_160' title='bbox 1341 2346 1504 2427; x_wconf 82' lang='lat' dir='ltr'><strong>apud</strong></span> <span class='ocrx_word' id='word_1_161' title='bbox 1532 2346 1806 2405; x_wconf 83' lang='lat' dir='ltr'><strong>Plautum</strong></span> <span class='ocrx_word' id='word_1_162' title='bbox 1843 2347 2059 2428; x_wconf 88' lang='lat' dir='ltr'><strong>corripi</strong></span> <span class='ocrx_word' id='word_1_163' title='bbox 2079 2348 2329 2425; x_wconf 84' lang='lat' dir='ltr'><strong>videtur,</strong></span> <span class='ocrx_word' id='word_1_164' title='bbox 2364 2330 2428 2411; x_wconf 79' lang='lat' dir='ltr'><strong>et</strong></span> 
     </span>
     <span class='ocr_line' id='line_1_19' title="bbox 314 2452 2428 2540; baseline -0.001 -22"><span class='ocrx_word' id='word_1_165' title='bbox 314 2478 739 2540; x_wconf 81' lang='lat' dir='ltr'><strong>nonnunquam</strong></span> <span class='ocrx_word' id='word_1_166' title='bbox 764 2467 956 2517; x_wconf 87' lang='lat' dir='ltr'><strong>totum</strong></span> <span class='ocrx_word' id='word_1_167' title='bbox 997 2458 1047 2515; x_wconf 76' lang='lat' dir='ltr'><strong>is</strong></span> <span class='ocrx_word' id='word_1_168' title='bbox 1087 2455 1283 2533; x_wconf 78' lang='lat' dir='ltr'><strong>abjici,</strong></span> <span class='ocrx_word' id='word_1_169' title='bbox 1322 2452 1432 2513; x_wconf 87' lang='lat' dir='ltr'><strong>nisi</strong></span> <span class='ocrx_word' id='word_1_170' title='bbox 1458 2472 1567 2534; x_wconf 85' lang='lat' dir='ltr'><strong>pro</strong></span> <span class='ocrx_word' id='word_1_171' title='bbox 1594 2452 1666 2511; x_wconf 83' lang='lat' dir='ltr'><strong>iis</strong></span> <span class='ocrx_word' id='word_1_172' title='bbox 1693 2453 2014 2532; x_wconf 87' lang='lat' dir='ltr'><strong>legendum</strong></span> <span class='ocrx_word' id='word_1_173' title='bbox 2043 2454 2117 2514; x_wconf 76' lang='lat' dir='ltr'><strong>sit</strong></span> <span class='ocrx_word' id='word_1_174' title='bbox 2137 2456 2215 2514; x_wconf 79' lang='lat' dir='ltr'><strong>bis</strong></span> <span class='ocrx_word' id='word_1_175' title='bbox 2240 2467 2304 2514; x_wconf 84' lang='lat' dir='ltr'><strong>et</strong></span> <span class='ocrx_word' id='word_1_176' title='bbox 2324 2456 2428 2529; x_wconf 77' lang='lat' dir='ltr'><strong>vis,</strong></span> 
     </span>
     <span class='ocr_line' id='line_1_20' title="bbox 316 2535 2426 2645; baseline -0 -21"><span class='ocrx_word' id='word_1_177' title='bbox 316 2584 572 2645; x_wconf 86' lang='lat' dir='ltr'><strong>quorum</strong></span> <span class='ocrx_word' id='word_1_178' title='bbox 607 2563 769 2644; x_wconf 80' lang='lat' dir='ltr'><strong>priua</strong></span> <span class='ocrx_word' id='word_1_179' title='bbox 804 2582 911 2644; x_wconf 89' lang='lat' dir='ltr'><strong>pro</strong></span> <span class='ocrx_word' id='word_1_180' title='bbox 930 2564 1082 2623; x_wconf 71' lang='lat' dir='ltr'><strong>nobis</strong></span> <span class='ocrx_word' id='word_1_181' title='bbox 1107 2561 1378 2642; x_wconf 81' lang='lat' dir='ltr'><strong>antiquos</strong></span> <span class='ocrx_word' id='word_1_182' title='bbox 1401 2559 1622 2620; x_wconf 78' lang='lat' dir='ltr'><strong>dixisse</strong></span> <span class='ocrx_word' id='word_1_183' title='bbox 1644 2535 1945 2621; x_wconf 75' lang='lat' dir='ltr'><strong>annotavit</strong></span> <span class='ocrx_word' id='word_1_184' title='bbox 1973 2560 2214 2621; x_wconf 72' lang='lat' dir='ltr'><strong>Festus:</strong></span> <span class='ocrx_word' id='word_1_185' title='bbox 2254 2561 2426 2639; x_wconf 73' lang='lat' dir='ltr'><strong>hujus</strong></span> 
     </span>
     <span class='ocr_line' id='line_1_21' title="bbox 316 2667 2004 2754; baseline -0.002 -23"><span class='ocrx_word' id='word_1_186' title='bbox 316 2683 519 2731; x_wconf 78' lang='lat' dir='ltr'><strong>autem</strong></span> <span class='ocrx_word' id='word_1_187' title='bbox 546 2669 803 2731; x_wconf 81' lang='lat' dir='ltr'><strong>licentiae</strong></span> <span class='ocrx_word' id='word_1_188' title='bbox 833 2670 993 2732; x_wconf 84' lang='lat' dir='ltr'><strong>clara</strong></span> <span class='ocrx_word' id='word_1_189' title='bbox 1009 2669 1286 2754; x_wconf 82' lang='lat' dir='ltr'><strong>exempla</strong></span> <span class='ocrx_word' id='word_1_190' title='bbox 1307 2678 1464 2740; x_wconf 79' lang='lat' dir='ltr'><strong>sunt,</strong></span> <span class='ocrx_word' id='word_1_191' title='bbox 1477 2668 1717 2746; x_wconf 73' lang='lat' dir='ltr'><strong>paratis,</strong></span> <span class='ocrx_word' id='word_1_192' title='bbox 1745 2667 2004 2744; x_wconf 66' lang='lat' dir='ltr'><strong>imperiis.</strong></span> 
     </span>
    </p>

    <p class='ocr_par' dir='ltr' id='par_1_4' title="bbox 322 2771 2428 2964">
     <span class='ocr_line' id='line_1_22' title="bbox 400 2771 2428 2855; baseline -0 -20"><span class='ocrx_word' id='word_1_193' title='bbox 400 2776 517 2837; x_wconf 82' lang='lat' dir='ltr'><strong>His</strong></span> <span class='ocrx_word' id='word_1_194' title='bbox 546 2776 734 2837; x_wconf 80' lang='lat' dir='ltr'><strong>addas</strong></span> <span class='ocrx_word' id='word_1_195' title='bbox 771 2774 931 2855; x_wconf 86' lang='lat' dir='ltr'><strong>quod</strong></span> <span class='ocrx_word' id='word_1_196' title='bbox 974 2797 1032 2835; x_wconf 71' lang='lat' dir='ltr'><strong>es</strong></span> <span class='ocrx_word' id='word_1_197' title='bbox 1072 2774 1368 2836; x_wconf 87' lang='lat' dir='ltr'><strong>interdum</strong></span> <span class='ocrx_word' id='word_1_198' title='bbox 1407 2771 1678 2850; x_wconf 81' lang='lat' dir='ltr'><strong>abjicitur</strong></span> <span class='ocrx_word' id='word_1_199' title='bbox 1715 2772 1774 2832; x_wconf 91' lang='lat' dir='ltr'><strong>in</strong></span> <span class='ocrx_word' id='word_1_200' title='bbox 1815 2794 1923 2846; x_wconf 61' lang='lat' dir='ltr'><strong>ree,</strong></span> <span class='ocrx_word' id='word_1_201' title='bbox 1946 2782 2009 2833; x_wconf 91' lang='lat' dir='ltr'><strong>et</strong></span> <span class='ocrx_word' id='word_1_202' title='bbox 2024 2794 2114 2832; x_wconf 74' lang='lat' dir='ltr'><strong>res</strong></span> <span class='ocrx_word' id='word_1_203' title='bbox 2137 2783 2223 2833; x_wconf 77' lang='lat' dir='ltr'><strong>est</strong></span> <span class='ocrx_word' id='word_1_204' title='bbox 2250 2792 2330 2834; x_wconf 84' lang='lat' dir='ltr'><strong>ex</strong></span> <span class='ocrx_word' id='word_1_205' title='bbox 2352 2794 2428 2834; x_wconf 88' lang='lat' dir='ltr'><strong>eo</strong></span> 
     </span>
     <span class='ocr_line' id='line_1_23' title="bbox 322 2882 955 2964; baseline -0.003 -21"><span class='ocrx_word' id='word_1_206' title='bbox 322 2882 539 2963; x_wconf 75' lang='lat' dir='ltr'><strong>saepius</strong></span> <span class='ocrx_word' id='word_1_207' title='bbox 568 2882 638 2942; x_wconf 87' lang='lat' dir='ltr'><strong>fit</strong></span> <span class='ocrx_word' id='word_1_208' title='bbox 665 2883 955 2964; x_wconf 76' lang='lat' dir='ltr'><strong>monosyl.</strong></span> 
     </span>
    </p>

    <p class='ocr_par' dir='ltr' id='par_1_5' title="bbox 320 2983 2435 3816">
     <span class='ocr_line' id='line_1_24' title="bbox 406 2983 2432 3074; baseline -0.004 -22"><span class='ocrx_word' id='word_1_209' title='bbox 406 2993 606 3074; x_wconf 86' lang='lat' dir='ltr'><strong>Atque</strong></span> <span class='ocrx_word' id='word_1_210' title='bbox 631 2990 728 3048; x_wconf 83' lang='lat' dir='ltr'><strong>hae</strong></span> <span class='ocrx_word' id='word_1_211' title='bbox 745 2989 873 3049; x_wconf 85' lang='lat' dir='ltr'><strong>fere</strong></span> <span class='ocrx_word' id='word_1_212' title='bbox 898 2997 1035 3049; x_wconf 80' lang='lat' dir='ltr'><strong>sunt</strong></span> <span class='ocrx_word' id='word_1_213' title='bbox 1065 2986 1342 3058; x_wconf 77' lang='lat' dir='ltr'><strong>rationes,</strong></span> <span class='ocrx_word' id='word_1_214' title='bbox 1360 2983 1571 3063; x_wconf 74' lang='lat' dir='ltr'><strong>quibus</strong></span> <span class='ocrx_word' id='word_1_215' title='bbox 1607 2994 1841 3044; x_wconf 76' lang='lat' dir='ltr'><strong>veteres</strong></span> <span class='ocrx_word' id='word_1_216' title='bbox 1870 2983 2077 3044; x_wconf 86' lang='lat' dir='ltr'><strong>comici</strong></span> <span class='ocrx_word' id='word_1_217' title='bbox 2112 3003 2282 3043; x_wconf 81' lang='lat' dir='ltr'><strong>veras</strong></span> <span class='ocrx_word' id='word_1_218' title='bbox 2302 3003 2432 3044; x_wconf 77' lang='lat' dir='ltr'><strong>ver-</strong></span> 
     </span>
     <span class='ocr_line' id='line_1_25' title="bbox 320 3086 2430 3179; baseline -0.012 -17"><span class='ocrx_word' id='word_1_219' title='bbox 320 3102 530 3162; x_wconf 81' lang='lat' dir='ltr'><strong>borum</strong></span> <span class='ocrx_word' id='word_1_220' title='bbox 552 3096 909 3179; x_wconf 69' lang='lat' dir='ltr'><strong>quantitates</strong></span> <span class='ocrx_word' id='word_1_221' title='bbox 928 3094 1121 3155; x_wconf 72' lang='lat' dir='ltr'><strong>solent</strong></span> <span class='ocrx_word' id='word_1_222' title='bbox 1162 3091 1527 3162; x_wconf 83' lang='lat' dir='ltr'><strong>imminuere,</strong></span> <span class='ocrx_word' id='word_1_223' title='bbox 1566 3086 1935 3168; x_wconf 88' lang='lat' dir='ltr'><strong>corripiendo</strong></span> <span class='ocrx_word' id='word_1_224' title='bbox 1962 3107 2176 3168; x_wconf 85' lang='lat' dir='ltr'><strong>nempe</strong></span> <span class='ocrx_word' id='word_1_225' title='bbox 2199 3099 2260 3147; x_wconf 86' lang='lat' dir='ltr'><strong>et</strong></span> <span class='ocrx_word' id='word_1_226' title='bbox 2287 3108 2430 3150; x_wconf 79' lang='lat' dir='ltr'><strong>con-</strong></span> 
     </span>
     <span class='ocr_line' id='line_1_26' title="bbox 326 3193 2430 3282; baseline -0.005 -17"><span class='ocrx_word' id='word_1_227' title='bbox 326 3202 630 3265; x_wconf 79' lang='lat' dir='ltr'><strong>trahendo.</strong></span> <span class='ocrx_word' id='word_1_228' title='bbox 716 3201 797 3260; x_wconf 88' lang='lat' dir='ltr'><strong>Et</strong></span> <span class='ocrx_word' id='word_1_229' title='bbox 832 3201 1006 3277; x_wconf 78' lang='lat' dir='ltr'><strong>hujus</strong></span> <span class='ocrx_word' id='word_1_230' title='bbox 1030 3197 1265 3278; x_wconf 85' lang='lat' dir='ltr'><strong>generis</strong></span> <span class='ocrx_word' id='word_1_231' title='bbox 1293 3207 1385 3256; x_wconf 80' lang='lat' dir='ltr'><strong>est</strong></span> <span class='ocrx_word' id='word_1_232' title='bbox 1403 3195 1766 3255; x_wconf 86' lang='lat' dir='ltr'><strong>licentiarum</strong></span> <span class='ocrx_word' id='word_1_233' title='bbox 1788 3214 1923 3274; x_wconf 77' lang='lat' dir='ltr'><strong>pars</strong></span> <span class='ocrx_word' id='word_1_234' title='bbox 1943 3193 2118 3272; x_wconf 90' lang='lat' dir='ltr'><strong>longe</strong></span> <span class='ocrx_word' id='word_1_235' title='bbox 2141 3193 2430 3282; x_wconf 70' lang='lat' dir='ltr'><strong>maximae</strong></span> 
     </span>
     <span class='ocr_line' id='line_1_27' title="bbox 326 3301 2431 3385; baseline -0.006 -13"><span class='ocrx_word' id='word_1_236' title='bbox 326 3331 523 3372; x_wconf 86' lang='lat' dir='ltr'><strong>earum</strong></span> <span class='ocrx_word' id='word_1_237' title='bbox 542 3328 683 3370; x_wconf 84' lang='lat' dir='ltr'><strong>vero</strong></span> <span class='ocrx_word' id='word_1_238' title='bbox 706 3326 904 3368; x_wconf 80' lang='lat' dir='ltr'><strong>causae</strong></span> <span class='ocrx_word' id='word_1_239' title='bbox 940 3325 1020 3365; x_wconf 88' lang='lat' dir='ltr'><strong>ex</strong></span> <span class='ocrx_word' id='word_1_240' title='bbox 1051 3301 1316 3385; x_wconf 86' lang='lat' dir='ltr'><strong>populari</strong></span> <span class='ocrx_word' id='word_1_241' title='bbox 1351 3301 1627 3382; x_wconf 88' lang='lat' dir='ltr'><strong>loquendi</strong></span> <span class='ocrx_word' id='word_1_242' title='bbox 1649 3301 2071 3362; x_wconf 81' lang='lat' dir='ltr'><strong>consuetudine</strong></span> <span class='ocrx_word' id='word_1_243' title='bbox 2095 3313 2156 3358; x_wconf 83' lang='lat' dir='ltr'><strong>et</strong></span> <span class='ocrx_word' id='word_1_244' title='bbox 2174 3320 2431 3380; x_wconf 89' lang='lat' dir='ltr'><strong>pronun-</strong></span> 
     </span>
     <span class='ocr_line' id='line_1_28' title="bbox 328 3405 2432 3494; baseline -0.005 -17"><span class='ocrx_word' id='word_1_245' title='bbox 328 3417 579 3477; x_wconf 82' lang='lat' dir='ltr'><strong>tiationis</strong></span> <span class='ocrx_word' id='word_1_246' title='bbox 603 3424 815 3475; x_wconf 83' lang='lat' dir='ltr'><strong>natura</strong></span> <span class='ocrx_word' id='word_1_247' title='bbox 833 3410 1107 3494; x_wconf 72' lang='lat' dir='ltr'><strong>petendae</strong></span> <span class='ocrx_word' id='word_1_248' title='bbox 1129 3420 1285 3470; x_wconf 79' lang='lat' dir='ltr'><strong>sunt.</strong></span> <span class='ocrx_word' id='word_1_249' title='bbox 1347 3409 1471 3468; x_wconf 91' lang='lat' dir='ltr'><strong>Sed</strong></span> <span class='ocrx_word' id='word_1_250' title='bbox 1494 3418 1555 3468; x_wconf 93' lang='lat' dir='ltr'><strong>et</strong></span> <span class='ocrx_word' id='word_1_251' title='bbox 1575 3406 1704 3467; x_wconf 83' lang='lat' dir='ltr'><strong>aliae</strong></span> <span class='ocrx_word' id='word_1_252' title='bbox 1725 3405 2022 3466; x_wconf 84' lang='lat' dir='ltr'><strong>nonnulloe</strong></span> <span class='ocrx_word' id='word_1_253' title='bbox 2038 3417 2177 3466; x_wconf 80' lang='lat' dir='ltr'><strong>sunt</strong></span> <span class='ocrx_word' id='word_1_254' title='bbox 2192 3406 2432 3474; x_wconf 67' lang='lat' dir='ltr'><strong>alterius</strong></span> 
     </span>
     <span class='ocr_line' id='line_1_29' title="bbox 329 3509 2435 3604; baseline -0.006 -20"><span class='ocrx_word' id='word_1_255' title='bbox 329 3524 581 3604; x_wconf 79' lang='lat' dir='ltr'><strong>generis,</strong></span> <span class='ocrx_word' id='word_1_256' title='bbox 606 3542 740 3602; x_wconf 82' lang='lat' dir='ltr'><strong>quae</strong></span> <span class='ocrx_word' id='word_1_257' title='bbox 774 3518 1006 3580; x_wconf 81' lang='lat' dir='ltr'><strong>scilicet</strong></span> <span class='ocrx_word' id='word_1_258' title='bbox 1045 3516 1245 3577; x_wconf 83' lang='lat' dir='ltr'><strong>insitas</strong></span> <span class='ocrx_word' id='word_1_259' title='bbox 1288 3516 1602 3575; x_wconf 88' lang='lat' dir='ltr'><strong>verborum</strong></span> <span class='ocrx_word' id='word_1_260' title='bbox 1624 3513 1978 3593; x_wconf 82' lang='lat' dir='ltr'><strong>quantitates</strong></span> <span class='ocrx_word' id='word_1_261' title='bbox 1998 3525 2236 3593; x_wconf 88' lang='lat' dir='ltr'><strong>augent,</strong></span> <span class='ocrx_word' id='word_1_262' title='bbox 2276 3524 2336 3572; x_wconf 87' lang='lat' dir='ltr'><strong>et</strong></span> <span class='ocrx_word' id='word_1_263' title='bbox 2373 3509 2435 3572; x_wconf 83' lang='lat' dir='ltr'><strong>in</strong></span> 
     </span>
     <span class='ocr_line' id='line_1_30' title="bbox 328 3619 2434 3711; baseline -0.007 -20"><span class='ocrx_word' id='word_1_264' title='bbox 328 3630 619 3711; x_wconf 83' lang='lat' dir='ltr'><strong>prosodiae</strong></span> <span class='ocrx_word' id='word_1_265' title='bbox 661 3628 826 3708; x_wconf 79' lang='lat' dir='ltr'><strong>leges</strong></span> <span class='ocrx_word' id='word_1_266' title='bbox 854 3634 1127 3706; x_wconf 89' lang='lat' dir='ltr'><strong>peccant,</strong></span> <span class='ocrx_word' id='word_1_267' title='bbox 1170 3633 1239 3683; x_wconf 88' lang='lat' dir='ltr'><strong>ut</strong></span> <span class='ocrx_word' id='word_1_268' title='bbox 1272 3621 1530 3702; x_wconf 83' lang='lat' dir='ltr'><strong>syllabas</strong></span> <span class='ocrx_word' id='word_1_269' title='bbox 1562 3631 1771 3680; x_wconf 84' lang='lat' dir='ltr'><strong>natura</strong></span> <span class='ocrx_word' id='word_1_270' title='bbox 1817 3620 2024 3680; x_wconf 79' lang='lat' dir='ltr'><strong>breves</strong></span> <span class='ocrx_word' id='word_1_271' title='bbox 2060 3619 2434 3700; x_wconf 81' lang='lat' dir='ltr'><strong>producant;</strong></span> 
     </span>
     <span class='ocr_line' id='line_1_31' title="bbox 331 3730 1141 3816; baseline -0.009 -19"><span class='ocrx_word' id='word_1_272' title='bbox 331 3756 458 3816; x_wconf 84' lang='lat' dir='ltr'><strong>quae</strong></span> <span class='ocrx_word' id='word_1_273' title='bbox 479 3736 607 3796; x_wconf 85' lang='lat' dir='ltr'><strong>fere</strong></span> <span class='ocrx_word' id='word_1_274' title='bbox 629 3745 766 3793; x_wconf 86' lang='lat' dir='ltr'><strong>sunt</strong></span> <span class='ocrx_word' id='word_1_275' title='bbox 790 3730 1141 3812; x_wconf 84' lang='lat' dir='ltr'><strong>hujusmodi.</strong></span> 
     </span>
    </p>

    <p class='ocr_par' dir='ltr' id='par_1_6' title="bbox 330 3833 2486 4025">
     <span class='ocr_line' id='line_1_32' title="bbox 409 3833 2430 3922; baseline -0.006 -21"><span class='ocrx_word' id='word_1_276' title='bbox 409 3842 626 3915; x_wconf 88' lang='lat' dir='ltr'><strong>Primo,</strong></span> <span class='ocrx_word' id='word_1_277' title='bbox 668 3838 1038 3922; x_wconf 78' lang='lat' dir='ltr'><strong>synaloephas</strong></span> <span class='ocrx_word' id='word_1_278' title='bbox 1074 3837 1282 3900; x_wconf 87' lang='lat' dir='ltr'><strong>crebro</strong></span> <span class='ocrx_word' id='word_1_279' title='bbox 1314 3836 1643 3915; x_wconf 84' lang='lat' dir='ltr'><strong>negligunt,</strong></span> <span class='ocrx_word' id='word_1_280' title='bbox 1673 3845 1737 3893; x_wconf 92' lang='lat' dir='ltr'><strong>et</strong></span> <span class='ocrx_word' id='word_1_281' title='bbox 1763 3833 2046 3892; x_wconf 85' lang='lat' dir='ltr'><strong>vocalium</strong></span> <span class='ocrx_word' id='word_1_282' title='bbox 2091 3849 2430 3901; x_wconf 66' lang='lat' dir='ltr'><strong>concursum,</strong></span> 
     </span>
     <span class='ocr_line' id='line_1_33' title="bbox 330 3935 2486 4025; baseline -0.006 -18"><span class='ocrx_word' id='word_1_283' title='bbox 330 3967 439 4009; x_wconf 86' lang='lat' dir='ltr'><strong>nec</strong></span> <span class='ocrx_word' id='word_1_284' title='bbox 462 3948 730 4010; x_wconf 80' lang='lat' dir='ltr'><strong>vocalem</strong></span> <span class='ocrx_word' id='word_1_285' title='bbox 764 3964 841 4006; x_wconf 89' lang='lat' dir='ltr'><strong>ne</strong></span> <span class='ocrx_word' id='word_1_286' title='bbox 877 3946 1119 4005; x_wconf 83' lang='lat' dir='ltr'><strong>brevem</strong></span> <span class='ocrx_word' id='word_1_287' title='bbox 1145 3942 1383 4025; x_wconf 87' lang='lat' dir='ltr'><strong>quidem</strong></span> <span class='ocrx_word' id='word_1_288' title='bbox 1420 3940 1664 4015; x_wconf 85' lang='lat' dir='ltr'><strong>elidunt,</strong></span> <span class='ocrx_word' id='word_1_289' title='bbox 1684 3939 1774 4000; x_wconf 78' lang='lat' dir='ltr'><strong>his</strong></span> <span class='ocrx_word' id='word_1_290' title='bbox 1801 3940 2096 4020; x_wconf 74' lang='lat' dir='ltr'><strong>praecipue</strong></span> <span class='ocrx_word' id='word_1_291' title='bbox 2120 3936 2305 4007; x_wconf 79' lang='lat' dir='ltr'><strong>locis;</strong></span> <span class='ocrx_word' id='word_1_292' title='bbox 2343 3955 2434 3996; x_wconf 74' lang='lat' dir='ltr'><strong>se-</strong></span> <span class='ocrx_word' id='word_1_293' title='bbox 2475 3935 2486 3962; x_wconf 75' lang='lat'>⁸</span> 
     </span>
    </p>
   </div>
   <div class='ocr_carea' id='block_1_4' title="bbox 335 4196 2437 4408">
    <p class='ocr_par' dir='ltr' id='par_1_7' title="bbox 335 4196 2437 4408">
     <span class='ocr_line' id='line_1_34' title="bbox 399 4196 2437 4272; baseline -0.005 -18"><span class='ocrx_word' id='word_1_294' title='bbox 399 4212 426 4254; x_wconf 83' lang='lat'><em>1</em></span> <span class='ocrx_word' id='word_1_295' title='bbox 450 4205 594 4272; x_wconf 51' lang='grc' dir='ltr'><strong>δίεπ’]</strong></span> <span class='ocrx_word' id='word_1_296' title='bbox 628 4204 784 4260; x_wconf 66' lang='lat' dir='ltr'><strong>clun.</strong></span> <span class='ocrx_word' id='word_1_297' title='bbox 804 4200 1166 4263; x_wconf 59' lang='lat' dir='ltr'><strong>niranonnpud</strong></span> <span class='ocrx_word' id='word_1_298' title='bbox 1194 4201 1333 4249; x_wconf 74' lang='lat' dir='ltr'><strong>Plan-</strong></span> <span class='ocrx_word' id='word_1_299' title='bbox 1430 4205 1655 4262; x_wconf 72' lang='lat' dir='ltr'><strong>aequente</strong></span> <span class='ocrx_word' id='word_1_300' title='bbox 1688 4214 1906 4255; x_wconf 64' lang='lat' dir='ltr'><strong>oon-ona,</strong></span> <span class='ocrx_word' id='word_1_301' title='bbox 1945 4213 2039 4259; x_wconf 72' lang='lat' dir='ltr'><strong>qua</strong></span> <span class='ocrx_word' id='word_1_302' title='bbox 2080 4196 2271 4246; x_wconf 71' lang='lat' dir='ltr'><strong>licentia</strong></span> <span class='ocrx_word' id='word_1_303' title='bbox 2308 4196 2437 4256; x_wconf 59' lang='lat' dir='ltr'><strong>nulla</strong></span> 
     </span>
     <span class='ocr_line' id='line_1_35' title="bbox 335 4272 2038 4343; baseline -0.005 -17"><span class='ocrx_word' id='word_1_304' title='bbox 335 4280 655 4343; x_wconf 68' lang='lat' dir='ltr'><strong>mexempla</strong></span> <span class='ocrx_word' id='word_1_305' title='bbox 688 4285 800 4325; x_wconf 72' lang='lat' dir='ltr'><strong>cunt</strong></span> <span class='ocrx_word' id='word_1_306' title='bbox 826 4278 963 4340; x_wconf 70' lang='lat' dir='ltr'><strong>hujus</strong></span> <span class='ocrx_word' id='word_1_307' title='bbox 994 4274 1206 4330; x_wconf 68' lang='lat' dir='ltr'><strong>licentiae,</strong></span> <span class='ocrx_word' id='word_1_308' title='bbox 1242 4289 1333 4335; x_wconf 77' lang='lat' dir='ltr'><strong>qua</strong></span> <span class='ocrx_word' id='word_1_309' title='bbox 1430 4274 1554 4336; x_wconf 72' lang='lat' dir='ltr'><strong>apud</strong></span> <span class='ocrx_word' id='word_1_310' title='bbox 1577 4272 1724 4322; x_wconf 67' lang='lat' dir='ltr'>11⁸1oe</span> <span class='ocrx_word' id='word_1_311' title='bbox 1738 4273 2038 4336; x_wconf 75' lang='lat' dir='ltr'><strong>frequentior.</strong></span> 
     </span>
     <span class='ocr_line' id='line_1_36' title="bbox 336 4347 1332 4408; baseline -0.006 -7"><span class='ocrx_word' id='word_1_312' title='bbox 336 4367 363 4401; x_wconf 76' lang='lat' dir='ltr'><strong>e</strong></span> <span class='ocrx_word' id='word_1_313' title='bbox 382 4353 508 4403; x_wconf 64' lang='lat' dir='ltr'><strong>enak</strong></span> <span class='ocrx_word' id='word_1_314' title='bbox 524 4354 572 4403; x_wconf 76' lang='lat' dir='ltr'><strong>in</strong></span> <span class='ocrx_word' id='word_1_315' title='bbox 591 4351 748 4404; x_wconf 72' lang='lat' dir='ltr'><strong>verbis</strong></span> <span class='ocrx_word' id='word_1_316' title='bbox 766 4350 913 4399; x_wconf 77' lang='lat' dir='ltr'><strong>modo</strong></span> <span class='ocrx_word' id='word_1_317' title='bbox 929 4348 1097 4398; x_wconf 79' lang='lat' dir='ltr'><strong>infiniti</strong></span> <span class='ocrx_word' id='word_1_318' title='bbox 1120 4347 1332 4408; x_wconf 70' lang='lat' dir='ltr'><strong>ahJioiiur</strong></span> 
     </span>
    </p>
   </div>
  </div>
 </body>
</html>
