<?xml version="1.0" encoding="UTF-8"?>
<!DOCTYPE html PUBLIC "-//W3C//DTD XHTML 1.0 Transitional//EN"
    "http://www.w3.org/TR/xhtml1/DTD/xhtml1-transitional.dtd">
<html xmlns="http://www.w3.org/1999/xhtml" xml:lang="en" lang="en">
 <head>
  <title>
</title>
<meta http-equiv="Content-Type" content="text/html;charset=utf-8" />
  <meta name='ocr-system' content='tesseract 3.04.00' />
  <meta name='ocr-capabilities' content='ocr_page ocr_carea ocr_par ocr_line ocrx_word'/>
</head>
<body>
  <div class='ocr_page' id='page_1' title='image "./pterentiicartha01unkngoog_0062.png"; bbox 0 0 2917 4900; ppageno 0'>
   <div class='ocr_carea' id='block_1_1' title="bbox 414 354 1850 445">
    <p class='ocr_par' dir='ltr' id='par_1_1' title="bbox 414 354 1850 445">
     <span class='ocr_line' id='line_1_1' title="bbox 414 354 1850 445; baseline 0 -1"><span class='ocrx_word' id='word_1_1' title='bbox 414 354 427 359; x_wconf 80' lang='grc'><em>”</em></span> <span class='ocrx_word' id='word_1_2' title='bbox 496 360 634 444; x_wconf 63' lang='grc' dir='ltr'><strong>ἰὴ·</strong></span> <span class='ocrx_word' id='word_1_3' title='bbox 872 412 875 417; x_wconf 93' lang='grc'>-</span> <span class='ocrx_word' id='word_1_4' title='bbox 1325 382 1850 445; x_wconf 73' lang='grc' dir='ltr'><strong>ΡιιΕΡΑΤιο.</strong></span> 
     </span>
    </p>
   </div>
   <div class='ocr_carea' id='block_1_2' title="bbox 496 561 2646 4344">
    <p class='ocr_par' dir='ltr' id='par_1_2' title="bbox 517 561 2621 1067">
     <span class='ocr_line' id='line_1_2' title="bbox 519 561 2615 649; baseline -0.002 -22"><span class='ocrx_word' id='word_1_5' title='bbox 519 568 764 649; x_wconf 69' lang='lat' dir='ltr'><strong>eipiunt,</strong></span> <span class='ocrx_word' id='word_1_6' title='bbox 790 575 1176 648; x_wconf 72' lang='lat' dir='ltr'>preterquam</span> <span class='ocrx_word' id='word_1_7' title='bbox 1218 562 1483 626; x_wconf 76' lang='lat' dir='ltr'><strong>ultimam</strong></span> <span class='ocrx_word' id='word_1_8' title='bbox 1527 565 1576 626; x_wconf 89' lang='lat' dir='ltr'><strong>si</strong></span> <span class='ocrx_word' id='word_1_9' title='bbox 1613 565 1992 640; x_wconf 77' lang='lat' dir='ltr'><strong>acatalectici,</strong></span> <span class='ocrx_word' id='word_1_10' title='bbox 2041 574 2104 625; x_wconf 84' lang='lat' dir='ltr'><strong>et</strong></span> <span class='ocrx_word' id='word_1_11' title='bbox 2144 564 2522 645; x_wconf 80' lang='lat' dir='ltr'><strong>penultimam</strong></span> <span class='ocrx_word' id='word_1_12' title='bbox 2562 561 2615 622; x_wconf 79' lang='lat' dir='ltr'><strong>si</strong></span> 
     </span>
     <span class='ocr_line' id='line_1_3' title="bbox 519 667 2620 752; baseline -0.004 -16"><span class='ocrx_word' id='word_1_13' title='bbox 519 674 849 736; x_wconf 66' lang='lat' dir='ltr'><strong>catalectici</strong></span> <span class='ocrx_word' id='word_1_14' title='bbox 878 671 1137 733; x_wconf 82' lang='lat' dir='ltr'><strong>fuerint:</strong></span> <span class='ocrx_word' id='word_1_15' title='bbox 1177 670 1388 752; x_wconf 85' lang='lat' dir='ltr'><strong>quibus</strong></span> <span class='ocrx_word' id='word_1_16' title='bbox 1413 671 1477 733; x_wconf 86' lang='lat' dir='ltr'><strong>in</strong></span> <span class='ocrx_word' id='word_1_17' title='bbox 1502 673 1649 733; x_wconf 88' lang='lat' dir='ltr'><strong>locis</strong></span> <span class='ocrx_word' id='word_1_18' title='bbox 1670 671 1914 748; x_wconf 73' lang='lat' dir='ltr'><strong>jnmbici</strong></span> <span class='ocrx_word' id='word_1_19' title='bbox 1935 672 2221 748; x_wconf 73' lang='lat' dir='ltr'><strong>jambam,</strong></span> <span class='ocrx_word' id='word_1_20' title='bbox 2249 682 2313 731; x_wconf 89' lang='lat' dir='ltr'><strong>et</strong></span> <span class='ocrx_word' id='word_1_21' title='bbox 2337 667 2620 730; x_wconf 69' lang='lat' dir='ltr'><strong>trochaici</strong></span> 
     </span>
     <span class='ocr_line' id='line_1_4' title="bbox 517 772 2620 859; baseline -0.005 -18"><span class='ocrx_word' id='word_1_22' title='bbox 517 782 843 842; x_wconf 74' lang='lat' dir='ltr'><strong>trochaeum</strong></span> <span class='ocrx_word' id='word_1_23' title='bbox 881 777 1115 859; x_wconf 78' lang='lat' dir='ltr'><strong>proprie</strong></span> <span class='ocrx_word' id='word_1_24' title='bbox 1160 776 1485 858; x_wconf 87' lang='lat' dir='ltr'><strong>requirunt.</strong></span> <span class='ocrx_word' id='word_1_25' title='bbox 1526 788 1728 838; x_wconf 85' lang='lat' dir='ltr'><strong>tamen</strong></span> <span class='ocrx_word' id='word_1_26' title='bbox 1765 776 1827 837; x_wconf 87' lang='lat' dir='ltr'><strong>in</strong></span> <span class='ocrx_word' id='word_1_27' title='bbox 1867 775 2338 837; x_wconf 77' lang='lat' dir='ltr'><strong>catalecticorum</strong></span> <span class='ocrx_word' id='word_1_28' title='bbox 2371 772 2620 853; x_wconf 79' lang='lat' dir='ltr'>regione</span> 
     </span>
     <span class='ocr_line' id='line_1_5' title="bbox 518 879 2621 966; baseline -0.002 -22"><span class='ocrx_word' id='word_1_29' title='bbox 518 884 841 966; x_wconf 76' lang='lat' dir='ltr'><strong>penultima</strong></span> <span class='ocrx_word' id='word_1_30' title='bbox 877 882 1401 966; x_wconf 76' lang='lat' dir='ltr'><strong>brachysyllabus</strong></span> <span class='ocrx_word' id='word_1_31' title='bbox 1386 893 1449 941; x_wconf 89' lang='lat' dir='ltr'><strong>et</strong></span> <span class='ocrx_word' id='word_1_32' title='bbox 1474 901 1886 960; x_wconf 85' lang='lat' dir='ltr'><strong>nonnunquam</strong></span> <span class='ocrx_word' id='word_1_33' title='bbox 1913 879 2183 962; x_wconf 75' lang='lat' dir='ltr'><strong>dactylus</strong></span> <span class='ocrx_word' id='word_1_34' title='bbox 2208 901 2317 961; x_wconf 87' lang='lat' dir='ltr'><strong>pro</strong></span> <span class='ocrx_word' id='word_1_35' title='bbox 2352 879 2621 940; x_wconf 70' lang='lat' dir='ltr'><strong>trocheo</strong></span> 
     </span>
     <span class='ocr_line' id='line_1_6' title="bbox 523 982 2619 1075; baseline -0.004 -24"><span class='ocrx_word' id='word_1_36' title='bbox 523 990 916 1075; x_wconf 82' lang='lat' dir='ltr'><strong>collocantur:</strong></span> <span class='ocrx_word' id='word_1_37' title='bbox 958 997 1133 1073; x_wconf 76' lang='lat' dir='ltr'><strong>atque</strong></span> <span class='ocrx_word' id='word_1_38' title='bbox 1160 1006 1268 1067; x_wconf 84' lang='lat' dir='ltr'><strong>pro</strong></span> <span class='ocrx_word' id='word_1_39' title='bbox 1306 987 1510 1064; x_wconf 87' lang='lat' dir='ltr'><strong>jambo</strong></span> <span class='ocrx_word' id='word_1_40' title='bbox 1536 986 1721 1066; x_wconf 82' lang='lat' dir='ltr'><strong>quivis</strong></span> <span class='ocrx_word' id='word_1_41' title='bbox 1760 1006 1887 1066; x_wconf 86' lang='lat' dir='ltr'><strong>pes,</strong></span> <span class='ocrx_word' id='word_1_42' title='bbox 1916 986 2012 1048; x_wconf 86' lang='lat' dir='ltr'><strong>cui</strong></span> <span class='ocrx_word' id='word_1_43' title='bbox 2047 987 2109 1045; x_wconf 86' lang='lat' dir='ltr'><strong>in</strong></span> <span class='ocrx_word' id='word_1_44' title='bbox 2145 984 2374 1046; x_wconf 80' lang='lat' dir='ltr'><strong>caeteris</strong></span> <span class='ocrx_word' id='word_1_45' title='bbox 2402 982 2619 1061; x_wconf 84' lang='lat' dir='ltr'><strong>jambi-</strong></span> 
     </span>
    </p>

    <p class='ocr_par' dir='ltr' id='par_1_3' title="bbox 496 1080 2646 4344">
     <span class='ocr_line' id='line_1_7' title="bbox 522 1080 2619 1157; baseline -0.004 -1"><span class='ocrx_word' id='word_1_46' title='bbox 522 1112 723 1157; x_wconf 85' lang='lat' dir='ltr'><strong>corum</strong></span> <span class='ocrx_word' id='word_1_47' title='bbox 751 1080 988 1153; x_wconf 85' lang='lat' dir='ltr'><strong>sedibus</strong></span> <span class='ocrx_word' id='word_1_48' title='bbox 1015 1093 1246 1152; x_wconf 81' lang='lat' dir='ltr'><strong>daretur</strong></span> <span class='ocrx_word' id='word_1_49' title='bbox 1270 1092 1459 1152; x_wconf 86' lang='lat' dir='ltr'><strong>locus.</strong></span> <span class='ocrx_word' id='word_1_50' title='bbox 1486 1092 1549 1150; x_wconf 89' lang='lat' dir='ltr'><strong>in</strong></span> <span class='ocrx_word' id='word_1_51' title='bbox 1572 1091 1778 1151; x_wconf 86' lang='lat' dir='ltr'><strong>ultima</strong></span> <span class='ocrx_word' id='word_1_52' title='bbox 1802 1111 1944 1151; x_wconf 82' lang='lat' dir='ltr'><strong>vero</strong></span> <span class='ocrx_word' id='word_1_53' title='bbox 1976 1090 2444 1151; x_wconf 83' lang='lat' dir='ltr'><strong>catalecticorum</strong></span> <span class='ocrx_word' id='word_1_54' title='bbox 2471 1088 2619 1148; x_wconf 87' lang='lat' dir='ltr'><strong>sede</strong></span> 
     </span>
     <span class='ocr_line' id='line_1_8' title="bbox 521 1194 2619 1282; baseline -0.003 -23"><span class='ocrx_word' id='word_1_55' title='bbox 521 1219 628 1282; x_wconf 83' lang='lat' dir='ltr'><strong>pro</strong></span> <span class='ocrx_word' id='word_1_56' title='bbox 658 1198 866 1277; x_wconf 82' lang='lat' dir='ltr'><strong>jambo</strong></span> <span class='ocrx_word' id='word_1_57' title='bbox 900 1197 966 1258; x_wconf 87' lang='lat' dir='ltr'><strong>in</strong></span> <span class='ocrx_word' id='word_1_58' title='bbox 1009 1197 1296 1275; x_wconf 86' lang='lat' dir='ltr'><strong>jambicis‚</strong></span> <span class='ocrx_word' id='word_1_59' title='bbox 1343 1207 1406 1256; x_wconf 86' lang='lat' dir='ltr'><strong>et</strong></span> <span class='ocrx_word' id='word_1_60' title='bbox 1450 1216 1560 1276; x_wconf 90' lang='lat' dir='ltr'><strong>pro</strong></span> <span class='ocrx_word' id='word_1_61' title='bbox 1606 1198 1866 1257; x_wconf 77' lang='lat' dir='ltr'><strong>trochoeo</strong></span> <span class='ocrx_word' id='word_1_62' title='bbox 1913 1196 1973 1257; x_wconf 92' lang='lat' dir='ltr'><strong>in</strong></span> <span class='ocrx_word' id='word_1_63' title='bbox 2020 1196 2333 1257; x_wconf 75' lang='lat' dir='ltr'><strong>trochaicis</strong></span> <span class='ocrx_word' id='word_1_64' title='bbox 2379 1194 2619 1275; x_wconf 85' lang='lat' dir='ltr'><strong>ponitur</strong></span> 
     </span>
     <span class='ocr_line' id='line_1_9' title="bbox 522 1300 2621 1386; baseline -0.003 -20"><span class='ocrx_word' id='word_1_65' title='bbox 522 1307 790 1386; x_wconf 88' lang='lat' dir='ltr'><strong>semipes,</strong></span> <span class='ocrx_word' id='word_1_66' title='bbox 820 1305 934 1364; x_wconf 90' lang='lat' dir='ltr'><strong>hoc</strong></span> <span class='ocrx_word' id='word_1_67' title='bbox 970 1313 1077 1375; x_wconf 88' lang='lat' dir='ltr'><strong>est,</strong></span> <span class='ocrx_word' id='word_1_68' title='bbox 1115 1303 1304 1384; x_wconf 86' lang='lat' dir='ltr'><strong>prima</strong></span> <span class='ocrx_word' id='word_1_69' title='bbox 1340 1302 1509 1383; x_wconf 89' lang='lat' dir='ltr'><strong>pedis</strong></span> <span class='ocrx_word' id='word_1_70' title='bbox 1546 1302 1699 1363; x_wconf 87' lang='lat' dir='ltr'><strong>illius</strong></span> <span class='ocrx_word' id='word_1_71' title='bbox 1738 1303 1998 1383; x_wconf 76' lang='lat' dir='ltr'><strong>syllaba:</strong></span> <span class='ocrx_word' id='word_1_72' title='bbox 2040 1322 2251 1382; x_wconf 82' lang='lat' dir='ltr'>nempe</span> <span class='ocrx_word' id='word_1_73' title='bbox 2274 1300 2468 1362; x_wconf 82' lang='lat' dir='ltr'><strong>brevis</strong></span> <span class='ocrx_word' id='word_1_74' title='bbox 2507 1320 2621 1380; x_wconf 88' lang='lat' dir='ltr'><strong>pro</strong></span> 
     </span>
     <span class='ocr_line' id='line_1_10' title="bbox 510 1406 2621 1489; baseline -0.004 -17"><span class='ocrx_word' id='word_1_75' title='bbox 510 1409 736 1489; x_wconf 79' lang='lat' dir='ltr'><strong>J‘ainbo,</strong></span> <span class='ocrx_word' id='word_1_76' title='bbox 766 1421 829 1471; x_wconf 90' lang='lat' dir='ltr'><strong>et</strong></span> <span class='ocrx_word' id='word_1_77' title='bbox 854 1424 972 1489; x_wconf 84' lang='lat' dir='ltr'><strong>pro&#39;</strong></span> <span class='ocrx_word' id='word_1_78' title='bbox 1000 1407 1259 1468; x_wconf 75' lang='lat' dir='ltr'><strong>trochaeo</strong></span> <span class='ocrx_word' id='word_1_79' title='bbox 1286 1407 1482 1486; x_wconf 80' lang='lat' dir='ltr'><strong>longe.</strong></span> <span class='ocrx_word' id='word_1_80' title='bbox 1510 1406 1616 1467; x_wconf 87' lang='lat' dir='ltr'><strong>sed</strong></span> <span class='ocrx_word' id='word_1_81' title='bbox 1642 1426 1779 1467; x_wconf 86' lang='lat' dir='ltr'><strong>cum</strong></span> <span class='ocrx_word' id='word_1_82' title='bbox 1807 1406 2057 1485; x_wconf 83' lang='lat' dir='ltr'><strong>cujusvis</strong></span> <span class='ocrx_word' id='word_1_83' title='bbox 2084 1420 2283 1468; x_wconf 82' lang='lat' dir='ltr'><strong>versus</strong></span> <span class='ocrx_word' id='word_1_84' title='bbox 2310 1406 2516 1466; x_wconf 82' lang='lat' dir='ltr'><strong>ultima</strong></span> <span class='ocrx_word' id='word_1_85' title='bbox 2540 1406 2621 1464; x_wconf 88' lang='lat' dir='ltr'><strong>sit</strong></span> 
     </span>
     <span class='ocr_line' id='line_1_11' title="bbox 525 1509 2622 1597; baseline -0.004 -20"><span class='ocrx_word' id='word_1_86' title='bbox 525 1537 765 1597; x_wconf 80' lang='lat' dir='ltr'><strong>anceps,</strong></span> <span class='ocrx_word' id='word_1_87' title='bbox 813 1534 921 1595; x_wconf 91' lang='lat' dir='ltr'><strong>pro</strong></span> <span class='ocrx_word' id='word_1_88' title='bbox 962 1515 1156 1595; x_wconf 86' lang='lat' dir='ltr'><strong>priore</strong></span> <span class='ocrx_word' id='word_1_89' title='bbox 1184 1513 1388 1589; x_wconf 87' lang='lat' dir='ltr'><strong>jambi,</strong></span> <span class='ocrx_word' id='word_1_90' title='bbox 1426 1511 1639 1591; x_wconf 82' lang='lat' dir='ltr'><strong>longa:</strong></span> <span class='ocrx_word' id='word_1_91' title='bbox 1696 1523 1758 1571; x_wconf 87' lang='lat' dir='ltr'><strong>et</strong></span> <span class='ocrx_word' id='word_1_92' title='bbox 1787 1517 2022 1584; x_wconf 60' lang='lat' dir='ltr'><strong>bontra,</strong></span> <span class='ocrx_word' id='word_1_93' title='bbox 2058 1511 2252 1573; x_wconf 81' lang='lat' dir='ltr'><strong>brevis</strong></span> <span class='ocrx_word' id='word_1_94' title='bbox 2291 1531 2402 1592; x_wconf 90' lang='lat' dir='ltr'><strong>pro</strong></span> <span class='ocrx_word' id='word_1_95' title='bbox 2432 1509 2622 1591; x_wconf 76' lang='lat' dir='ltr'><strong>prims.</strong></span> 
     </span>
     <span class='ocr_line' id='line_1_12' title="bbox 526 1614 2622 1699; baseline -0.003 -17"><span class='ocrx_word' id='word_1_96' title='bbox 526 1621 773 1685; x_wconf 75' lang='lat' dir='ltr'><strong>trochaei</strong></span> <span class='ocrx_word' id='word_1_97' title='bbox 809 1614 1147 1680; x_wconf 79' lang='lat' dir='ltr'><strong>collocatur.</strong></span> <span class='ocrx_word' id='word_1_98' title='bbox 1230 1618 1608 1699; x_wconf 83' lang='lat' dir='ltr'><strong>Pyrrhichius</strong></span> <span class='ocrx_word' id='word_1_99' title='bbox 1636 1618 1809 1678; x_wconf 73' lang='lat' dir='ltr'><strong>etiam</strong></span> <span class='ocrx_word' id='word_1_100' title='bbox 1835 1618 1895 1677; x_wconf 88' lang='lat' dir='ltr'><strong>in</strong></span> <span class='ocrx_word' id='word_1_101' title='bbox 1930 1617 2198 1697; x_wconf 77' lang='lat' dir='ltr'><strong>jsmbicis</strong></span> <span class='ocrx_word' id='word_1_102' title='bbox 2225 1616 2622 1678; x_wconf 81' lang='lat' dir='ltr'><strong>acatalecticis</strong></span> 
     </span>
     <span class='ocr_line' id='line_1_13' title="bbox 525 1722 2626 1808; baseline -0.003 -21"><span class='ocrx_word' id='word_1_103' title='bbox 525 1747 637 1808; x_wconf 88' lang='lat' dir='ltr'><strong>pro</strong></span> <span class='ocrx_word' id='word_1_104' title='bbox 676 1726 876 1804; x_wconf 76' lang='lat' dir='ltr'><strong>Jambo</strong></span> <span class='ocrx_word' id='word_1_105' title='bbox 917 1727 1193 1785; x_wconf 71' lang='lat' dir='ltr'><strong>ultimum·</strong></span> <span class='ocrx_word' id='word_1_106' title='bbox 1222 1722 1423 1785; x_wconf 82' lang='lat' dir='ltr'><strong>locum</strong></span> <span class='ocrx_word' id='word_1_107' title='bbox 1459 1736 1746 1804; x_wconf 84' lang='lat' dir='ltr'><strong>occupat:</strong></span> <span class='ocrx_word' id='word_1_108' title='bbox 1810 1736 1873 1784; x_wconf 83' lang='lat' dir='ltr'><strong>at</strong></span> <span class='ocrx_word' id='word_1_109' title='bbox 1907 1724 2045 1785; x_wconf 86' lang='lat' dir='ltr'><strong>alibi</strong></span> <span class='ocrx_word' id='word_1_110' title='bbox 2085 1743 2372 1803; x_wconf 71' lang='lat' dir='ltr'><strong>nusquam</strong></span> <span class='ocrx_word' id='word_1_111' title='bbox 2395 1723 2626 1783; x_wconf 83' lang='lat' dir='ltr'><strong>visitur.</strong></span> 
     </span>
     <span class='ocr_line' id='line_1_14' title="bbox 528 1830 2621 1910; baseline -0.001 -16"><span class='ocrx_word' id='word_1_112' title='bbox 528 1831 1097 1894; x_wconf 84' lang='lat' dir='ltr'><strong>Proceleusmaticus</strong></span> <span class='ocrx_word' id='word_1_113' title='bbox 1138 1851 1270 1891; x_wconf 89' lang='lat' dir='ltr'><strong>raro</strong></span> <span class='ocrx_word' id='word_1_114' title='bbox 1310 1851 1440 1891; x_wconf 89' lang='lat' dir='ltr'><strong>sese</strong></span> <span class='ocrx_word' id='word_1_115' title='bbox 1484 1830 1687 1891; x_wconf 82' lang='lat' dir='ltr'><strong>offert=</strong></span> <span class='ocrx_word' id='word_1_116' title='bbox 1749 1831 1806 1890; x_wconf 89' lang='lat' dir='ltr'><strong>ei</strong></span> <span class='ocrx_word' id='word_1_117' title='bbox 1849 1842 2046 1891; x_wconf 79' lang='lat' dir='ltr'><strong>tamen</strong></span> <span class='ocrx_word' id='word_1_118' title='bbox 2083 1831 2242 1891; x_wconf 88' lang='lat' dir='ltr'><strong>nullo</strong></span> <span class='ocrx_word' id='word_1_119' title='bbox 2285 1830 2621 1910; x_wconf 76' lang='lat' dir='ltr'><strong>refragante</strong></span> 
     </span>
     <span class='ocr_line' id='line_1_15' title="bbox 527 1928 2624 2017; baseline 0.001 -21"><span class='ocrx_word' id='word_1_120' title='bbox 527 1938 698 1996; x_wconf 87' lang='lat' dir='ltr'><strong>datur</strong></span> <span class='ocrx_word' id='word_1_121' title='bbox 737 1937 908 1996; x_wconf 87' lang='lat' dir='ltr'><strong>locus</strong></span> <span class='ocrx_word' id='word_1_122' title='bbox 947 1945 1010 1996; x_wconf 90' lang='lat' dir='ltr'><strong>et</strong></span> <span class='ocrx_word' id='word_1_123' title='bbox 1049 1935 1112 1994; x_wconf 86' lang='lat' dir='ltr'><strong>in</strong></span> <span class='ocrx_word' id='word_1_124' title='bbox 1144 1928 1417 2010; x_wconf 87' lang='lat' dir='ltr'><strong>jambicis</strong></span> <span class='ocrx_word' id='word_1_125' title='bbox 1456 1946 1521 1995; x_wconf 87' lang='lat' dir='ltr'><strong>et</strong></span> <span class='ocrx_word' id='word_1_126' title='bbox 1559 1936 1621 1994; x_wconf 89' lang='lat' dir='ltr'><strong>in</strong></span> <span class='ocrx_word' id='word_1_127' title='bbox 1659 1935 1985 1996; x_wconf 74' lang='lat' dir='ltr'><strong>trochaicis.</strong></span> <span class='ocrx_word' id='word_1_128' title='bbox 2069 1938 2359 2008; x_wconf 78' lang='lat' dir='ltr'><strong>Creticus,</strong></span> <span class='ocrx_word' id='word_1_129' title='bbox 2397 1937 2624 2017; x_wconf 82' lang='lat' dir='ltr'><strong>amphi-</strong></span> 
     </span>
     <span class='ocr_line' id='line_1_16' title="bbox 528 2038 2624 2122; baseline -0 -19"><span class='ocrx_word' id='word_1_130' title='bbox 528 2042 799 2117; x_wconf 85' lang='lat' dir='ltr'><strong>braches,</strong></span> <span class='ocrx_word' id='word_1_131' title='bbox 833 2052 897 2102; x_wconf 90' lang='lat' dir='ltr'><strong>et</strong></span> <span class='ocrx_word' id='word_1_132' title='bbox 931 2041 1211 2102; x_wconf 78' lang='lat' dir='ltr'><strong>bacchius</strong></span> <span class='ocrx_word' id='word_1_133' title='bbox 1251 2038 1489 2120; x_wconf 86' lang='lat' dir='ltr'><strong>quidam</strong></span> <span class='ocrx_word' id='word_1_134' title='bbox 1530 2039 1763 2101; x_wconf 89' lang='lat' dir='ltr'><strong>omnino</strong></span> <span class='ocrx_word' id='word_1_135' title='bbox 1802 2052 2115 2122; x_wconf 84' lang='lat' dir='ltr'><strong>respuunt:</strong></span> <span class='ocrx_word' id='word_1_136' title='bbox 2155 2041 2287 2103; x_wconf 88' lang='lat' dir='ltr'><strong>illos</strong></span> <span class='ocrx_word' id='word_1_137' title='bbox 2324 2042 2423 2102; x_wconf 88' lang='lat' dir='ltr'><strong>alii</strong></span> <span class='ocrx_word' id='word_1_138' title='bbox 2460 2061 2624 2121; x_wconf 78' lang='lat' dir='ltr'><strong>oegre</strong></span> 
     </span>
     <span class='ocr_line' id='line_1_17' title="bbox 530 2147 2624 2227; baseline 0 -20"><span class='ocrx_word' id='word_1_139' title='bbox 530 2148 770 2227; x_wconf 87' lang='lat' dir='ltr'><strong>quidem</strong></span> <span class='ocrx_word' id='word_1_140' title='bbox 828 2147 1181 2207; x_wconf 86' lang='lat' dir='ltr'><strong>admittunt:</strong></span> <span class='ocrx_word' id='word_1_141' title='bbox 1247 2147 1355 2207; x_wconf 89' lang='lat' dir='ltr'><strong>sed</strong></span> <span class='ocrx_word' id='word_1_142' title='bbox 1408 2156 1512 2208; x_wconf 87' lang='lat' dir='ltr'><strong>&#39;eos</strong></span> <span class='ocrx_word' id='word_1_143' title='bbox 1564 2166 1802 2227; x_wconf 84' lang='lat' dir='ltr'><strong>prorsus</strong></span> <span class='ocrx_word' id='word_1_144' title='bbox 1856 2147 2202 2223; x_wconf 87' lang='lat' dir='ltr'><strong>rejiciendos</strong></span> <span class='ocrx_word' id='word_1_145' title='bbox 2255 2166 2624 2227; x_wconf 73' lang='lat' dir='ltr'><strong>nequaquam</strong></span> 
     </span>
     <span class='ocr_line' id='line_1_18' title="bbox 529 2252 2623 2333; baseline 0 -21"><span class='ocrx_word' id='word_1_146' title='bbox 529 2262 788 2312; x_wconf 87' lang='lat' dir='ltr'><strong>censent.</strong></span> <span class='ocrx_word' id='word_1_147' title='bbox 873 2252 998 2312; x_wconf 87' lang='lat' dir='ltr'><strong>Nos</strong></span> <span class='ocrx_word' id='word_1_148' title='bbox 1023 2252 1242 2333; x_wconf 85' lang='lat' dir='ltr'><strong>ubique</strong></span> <span class='ocrx_word' id='word_1_149' title='bbox 1261 2252 1390 2313; x_wconf 82' lang='lat' dir='ltr'><strong>fere</strong></span> <span class='ocrx_word' id='word_1_150' title='bbox 1418 2272 1538 2333; x_wconf 88' lang='lat' dir='ltr'><strong>quo</strong></span> <span class='ocrx_word' id='word_1_151' title='bbox 1563 2263 1735 2332; x_wconf 76' lang='lat' dir='ltr'><strong>pacto</strong></span> <span class='ocrx_word' id='word_1_152' title='bbox 1763 2263 1823 2313; x_wconf 89' lang='lat' dir='ltr'><strong>et</strong></span> <span class='ocrx_word' id='word_1_153' title='bbox 1849 2252 2057 2313; x_wconf 89' lang='lat' dir='ltr'><strong>horum</strong></span> <span class='ocrx_word' id='word_1_154' title='bbox 2086 2265 2147 2314; x_wconf 90' lang='lat' dir='ltr'><strong>et</strong></span> <span class='ocrx_word' id='word_1_155' title='bbox 2167 2253 2399 2313; x_wconf 85' lang='lat' dir='ltr'><strong>illorum</strong></span> <span class='ocrx_word' id='word_1_156' title='bbox 2425 2253 2623 2333; x_wconf 87' lang='lat' dir='ltr'><strong>opinio</strong></span> 
     </span>
     <span class='ocr_line' id='line_1_19' title="bbox 510 2352 2626 2437; baseline 0.001 -19"><span class='ocrx_word' id='word_1_157' title='bbox 510 2358 770 2419; x_wconf 61' lang='lat' dir='ltr'><strong>»defendi</strong></span> <span class='ocrx_word' id='word_1_158' title='bbox 796 2369 995 2437; x_wconf 78' lang='lat' dir='ltr'><strong>posset</strong></span> <span class='ocrx_word' id='word_1_159' title='bbox 1032 2352 1433 2431; x_wconf 80' lang='lat' dir='ltr'><strong>indicavimus,</strong></span> <span class='ocrx_word' id='word_1_160' title='bbox 1475 2358 1574 2417; x_wconf 82' lang='lat' dir='ltr'><strong>uni</strong></span> <span class='ocrx_word' id='word_1_161' title='bbox 1601 2358 1793 2419; x_wconf 81' lang='lat' dir='ltr'><strong>versui</strong></span> <span class='ocrx_word' id='word_1_162' title='bbox 1826 2359 1973 2419; x_wconf 89' lang='lat' dir='ltr'><strong>duos</strong></span> <span class='ocrx_word' id='word_1_163' title='bbox 2011 2360 2382 2435; x_wconf 72' lang='lat' dir='ltr'><strong>dimensionis</strong></span> <span class='ocrx_word' id='word_1_164' title='bbox 2417 2362 2626 2421; x_wconf 87' lang='lat' dir='ltr'><strong>modos</strong></span> 
     </span>
     <span class='ocr_line' id='line_1_20' title="bbox 500 2455 2625 2546; baseline 0.001 -20"><span class='ocrx_word' id='word_1_165' title='bbox 500 2467 890 2545; x_wconf 78' lang='lat' dir='ltr'><strong>·assignantes</strong></span> <span class='ocrx_word' id='word_1_166' title='bbox 912 2455 1008 2526; x_wconf 48' lang='lat' dir='ltr'><strong>&#39;ad</strong></span> <span class='ocrx_word' id='word_1_167' title='bbox 1048 2481 1184 2526; x_wconf 82' lang='lat' dir='ltr'><strong>eum</strong></span> <span class='ocrx_word' id='word_1_168' title='bbox 1220 2461 1403 2546; x_wconf 71' lang='lat' dir='ltr'><strong>usqne</strong></span> <span class='ocrx_word' id='word_1_169' title='bbox 1444 2458 1644 2525; x_wconf 74' lang='lat' dir='ltr'><strong>loctim</strong></span> <span class='ocrx_word' id='word_1_170' title='bbox 1684 2466 1784 2544; x_wconf 89' lang='lat' dir='ltr'><strong>qui</strong></span> <span class='ocrx_word' id='word_1_171' title='bbox 1826 2466 2192 2527; x_wconf 74' lang='lat' dir='ltr'><strong>dissensionis</strong></span> <span class='ocrx_word' id='word_1_172' title='bbox 2229 2479 2385 2528; x_wconf 86' lang='lat' dir='ltr'><strong>esset</strong></span> <span class='ocrx_word' id='word_1_173' title='bbox 2426 2469 2625 2528; x_wconf 85' lang='lat' dir='ltr'><strong>termi-</strong></span> 
     </span>
     <span class='ocr_line' id='line_1_21' title="bbox 529 2570 2631 2651; baseline 0.001 -19"><span class='ocrx_word' id='word_1_174' title='bbox 529 2592 672 2633; x_wconf 87' lang='lat' dir='ltr'><strong>nus:</strong></span> <span class='ocrx_word' id='word_1_175' title='bbox 721 2592 880 2651; x_wconf 82' lang='lat' dir='ltr'><strong>saepe</strong></span> <span class='ocrx_word' id='word_1_176' title='bbox 909 2571 1081 2632; x_wconf 79' lang='lat' dir='ltr'><strong>etiam</strong></span> <span class='ocrx_word' id='word_1_177' title='bbox 1110 2572 1188 2632; x_wconf 81' lang='lat' dir='ltr'><strong>ad</strong></span> <span class='ocrx_word' id='word_1_178' title='bbox 1217 2591 1340 2632; x_wconf 87' lang='lat' dir='ltr'><strong>rem</strong></span> <span class='ocrx_word' id='word_1_179' title='bbox 1366 2572 1548 2651; x_wconf 85' lang='lat' dir='ltr'><strong>ipsam</strong></span> <span class='ocrx_word' id='word_1_180' title='bbox 1573 2570 1798 2650; x_wconf 80' lang='lat' dir='ltr'><strong>plenius</strong></span> <span class='ocrx_word' id='word_1_181' title='bbox 1824 2572 2253 2651; x_wconf 69' lang='lat' dir='ltr'><strong>explanandam</strong></span> <span class='ocrx_word' id='word_1_182' title='bbox 2277 2573 2631 2634; x_wconf 78' lang='lat' dir='ltr'><strong>brevissimis</strong></span> 
     </span>
     <span class='ocr_line' id='line_1_22' title="bbox 504 2667 2633 2758; baseline 0.001 -23"><span class='ocrx_word' id='word_1_183' title='bbox 504 2676 765 2736; x_wconf 83' lang='lat' dir='ltr'><strong>-scholiis</strong></span> <span class='ocrx_word' id='word_1_184' title='bbox 793 2667 1082 2735; x_wconf 83' lang='lat' dir='ltr'><strong>adhibitis.</strong></span> <span class='ocrx_word' id='word_1_185' title='bbox 1168 2680 1263 2736; x_wconf 84' lang='lat' dir='ltr'><strong>Ac</strong></span> <span class='ocrx_word' id='word_1_186' title='bbox 1296 2676 1517 2756; x_wconf 87' lang='lat' dir='ltr'><strong>primus</strong></span> <span class='ocrx_word' id='word_1_187' title='bbox 1544 2674 1777 2756; x_wconf 85' lang='lat' dir='ltr'><strong>quidem</strong></span> <span class='ocrx_word' id='word_1_188' title='bbox 1802 2676 2031 2747; x_wconf 87' lang='lat' dir='ltr'><strong>modus,</strong></span> <span class='ocrx_word' id='word_1_189' title='bbox 2060 2697 2193 2755; x_wconf 82' lang='lat' dir='ltr'><strong>quae</strong></span> <span class='ocrx_word' id='word_1_190' title='bbox 2235 2689 2351 2737; x_wconf 84' lang='lat' dir='ltr'><strong>tres</strong></span> <span class='ocrx_word' id='word_1_191' title='bbox 2384 2678 2494 2738; x_wconf 88' lang='lat' dir='ltr'><strong>hos</strong></span> <span class='ocrx_word' id='word_1_192' title='bbox 2529 2698 2633 2758; x_wconf 82' lang='lat' dir='ltr'><strong>pe-</strong></span> 
     </span>
     <span class='ocr_line' id='line_1_23' title="bbox 533 2780 2629 2883; baseline 0 -40"><span class='ocrx_word' id='word_1_193' title='bbox 533 2784 640 2843; x_wconf 88' lang='lat' dir='ltr'><strong>des</strong></span> <span class='ocrx_word' id='word_1_194' title='bbox 666 2784 889 2862; x_wconf 85' lang='lat' dir='ltr'><strong>recipit,</strong></span> <span class='ocrx_word' id='word_1_195' title='bbox 914 2784 1146 2883; x_wconf 80' lang='lat' dir='ltr'><strong>planus,</strong></span> <span class='ocrx_word' id='word_1_196' title='bbox 1172 2783 1446 2862; x_wconf 84' lang='lat' dir='ltr'><strong>simplex,</strong></span> <span class='ocrx_word' id='word_1_197' title='bbox 1475 2780 1785 2863; x_wconf 80' lang='lat' dir='ltr'><strong>expeditus</strong></span> <span class='ocrx_word' id='word_1_198' title='bbox 1812 2792 1873 2841; x_wconf 88' lang='lat' dir='ltr'><strong>et</strong></span> <span class='ocrx_word' id='word_1_199' title='bbox 1900 2781 2140 2842; x_wconf 81' lang='lat' dir='ltr'><strong>evidens</strong></span> <span class='ocrx_word' id='word_1_200' title='bbox 2176 2793 2286 2843; x_wconf 85' lang='lat' dir='ltr'><strong>est.</strong></span> <span class='ocrx_word' id='word_1_201' title='bbox 2315 2802 2432 2842; x_wconf 89' lang='lat' dir='ltr'><strong>non</strong></span> <span class='ocrx_word' id='word_1_202' title='bbox 2472 2782 2629 2843; x_wconf 86' lang='lat' dir='ltr'><strong>enim</strong></span> 
     </span>
     <span class='ocr_line' id='line_1_24' title="bbox 500 2886 2627 2968; baseline 0.001 -22"><span class='ocrx_word' id='word_1_203' title='bbox 500 2887 691 2947; x_wconf 51' lang='lat' dir='ltr'><strong>‘nevit</strong></span> <span class='ocrx_word' id='word_1_204' title='bbox 733 2887 994 2947; x_wconf 77' lang='lat' dir='ltr'><strong>insolitas</strong></span> <span class='ocrx_word' id='word_1_205' title='bbox 1034 2896 1097 2947; x_wconf 91' lang='lat' dir='ltr'><strong>et</strong></span> <span class='ocrx_word' id='word_1_206' title='bbox 1134 2901 1369 2968; x_wconf 75' lang='lat' dir='ltr'><strong>asperas</strong></span> <span class='ocrx_word' id='word_1_207' title='bbox 1403 2886 1533 2947; x_wconf 82' lang='lat' dir='ltr'><strong>illas</strong></span> <span class='ocrx_word' id='word_1_208' title='bbox 1574 2886 1869 2958; x_wconf 81' lang='lat' dir='ltr'><strong>dioereses,</strong></span> <span class='ocrx_word' id='word_1_209' title='bbox 1911 2907 2251 2967; x_wconf 82' lang='lat' dir='ltr'><strong>synaereses,</strong></span> <span class='ocrx_word' id='word_1_210' title='bbox 2291 2898 2353 2948; x_wconf 86' lang='lat' dir='ltr'><strong>et</strong></span> <span class='ocrx_word' id='word_1_211' title='bbox 2391 2888 2627 2948; x_wconf 79' lang='lat' dir='ltr'><strong>crebras</strong></span> 
     </span>
     <span class='ocr_line' id='line_1_25' title="bbox 528 2992 2630 3073; baseline 0.002 -20"><span class='ocrx_word' id='word_1_212' title='bbox 528 2994 823 3054; x_wconf 79' lang='lat' dir='ltr'><strong>literarum</strong></span> <span class='ocrx_word' id='word_1_213' title='bbox 856 2993 1145 3064; x_wconf 85' lang='lat' dir='ltr'><strong>elisiones,</strong></span> <span class='ocrx_word' id='word_1_214' title='bbox 1172 3013 1306 3073; x_wconf 82' lang='lat' dir='ltr'><strong>quse</strong></span> <span class='ocrx_word' id='word_1_215' title='bbox 1344 2992 1665 3073; x_wconf 83' lang='lat' dir='ltr'><strong>posteriore</strong></span> <span class='ocrx_word' id='word_1_216' title='bbox 1706 2992 2078 3054; x_wconf 86' lang='lat' dir='ltr'><strong>dimensionis</strong></span> <span class='ocrx_word' id='word_1_217' title='bbox 2117 2994 2341 3055; x_wconf 85' lang='lat' dir='ltr'><strong>ratione</strong></span> <span class='ocrx_word' id='word_1_218' title='bbox 2381 2996 2450 3056; x_wconf 90' lang='lat' dir='ltr'><strong>iis</strong></span> <span class='ocrx_word' id='word_1_219' title='bbox 2488 3009 2630 3058; x_wconf 82' lang='lat' dir='ltr'><strong>sunt</strong></span> 
     </span>
     <span class='ocr_line' id='line_1_26' title="bbox 504 3081 2646 3179; baseline 0.003 -23"><span class='ocrx_word' id='word_1_220' title='bbox 504 3097 998 3179; x_wconf 71' lang='lat' dir='ltr'><strong>perscrutandae:</strong></span> <span class='ocrx_word' id='word_1_221' title='bbox 1042 3097 1143 3177; x_wconf 87' lang='lat' dir='ltr'><strong>qui</strong></span> <span class='ocrx_word' id='word_1_222' title='bbox 1175 3097 1335 3158; x_wconf 82' lang='lat' dir='ltr'><strong>nulla</strong></span> <span class='ocrx_word' id='word_1_223' title='bbox 1368 3117 1490 3158; x_wconf 90' lang='lat' dir='ltr'><strong>non</strong></span> <span class='ocrx_word' id='word_1_224' title='bbox 1530 3097 1892 3169; x_wconf 78' lang='lat' dir='ltr'><strong>diverticula,</strong></span> <span class='ocrx_word' id='word_1_225' title='bbox 1935 3098 2166 3179; x_wconf 85' lang='lat' dir='ltr'><strong>quosvis</strong></span> <span class='ocrx_word' id='word_1_226' title='bbox 2207 3099 2523 3174; x_wconf 73' lang='lat' dir='ltr'><strong>anfractus,</strong></span> <span class='ocrx_word' id='word_1_227' title='bbox 2559 3081 2646 3163; x_wconf 29' lang='lat' dir='ltr'><strong>et·</strong></span> 
     </span>
     <span class='ocr_line' id='line_1_27' title="bbox 529 3199 2631 3285; baseline 0 -20"><span class='ocrx_word' id='word_1_228' title='bbox 529 3199 726 3265; x_wconf 79' lang='lat' dir='ltr'><strong>omnis</strong></span> <span class='ocrx_word' id='word_1_229' title='bbox 750 3200 1003 3281; x_wconf 75' lang='lat' dir='ltr'><strong>suffugia</strong></span> <span class='ocrx_word' id='word_1_230' title='bbox 1024 3213 1312 3281; x_wconf 72' lang='lat' dir='ltr'><strong>quoenmt,</strong></span> <span class='ocrx_word' id='word_1_231' title='bbox 1339 3222 1457 3280; x_wconf 87' lang='lat' dir='ltr'><strong>quo</strong></span> <span class='ocrx_word' id='word_1_232' title='bbox 1493 3213 1749 3264; x_wconf 83' lang='lat' dir='ltr'><strong>monstra</strong></span> <span class='ocrx_word' id='word_1_233' title='bbox 1773 3203 1876 3264; x_wconf 81' lang='lat' dir='ltr'><strong>ille</strong></span> <span class='ocrx_word' id='word_1_234' title='bbox 1899 3208 1990 3279; x_wconf 88' lang='lat' dir='ltr'><strong>(ut</strong></span> <span class='ocrx_word' id='word_1_235' title='bbox 2030 3204 2136 3285; x_wconf 86' lang='lat' dir='ltr'><strong>ipsi</strong></span> <span class='ocrx_word' id='word_1_236' title='bbox 2161 3206 2498 3285; x_wconf 87' lang='lat' dir='ltr'><strong>loquuntur)</strong></span> <span class='ocrx_word' id='word_1_237' title='bbox 2527 3226 2631 3266; x_wconf 80' lang='lat' dir='ltr'><strong>ex·</strong></span> 
     </span>
     <span class='ocr_line' id='line_1_28' title="bbox 526 3307 2631 3393; baseline 0.003 -24"><span class='ocrx_word' id='word_1_238' title='bbox 526 3320 787 3370; x_wconf 77' lang='lat' dir='ltr'><strong>tororum</strong></span> <span class='ocrx_word' id='word_1_239' title='bbox 825 3307 1045 3387; x_wconf 82' lang='lat' dir='ltr'><strong>pedum</strong></span> <span class='ocrx_word' id='word_1_240' title='bbox 1094 3307 1318 3387; x_wconf 80' lang='lat' dir='ltr'><strong>possint</strong></span> <span class='ocrx_word' id='word_1_241' title='bbox 1357 3307 1594 3368; x_wconf 82' lang='lat' dir='ltr'><strong>evitare.</strong></span> <span class='ocrx_word' id='word_1_242' title='bbox 1691 3308 2000 3390; x_wconf 74' lang='lat' dir='ltr'><strong>Praecipua</strong></span> <span class='ocrx_word' id='word_1_243' title='bbox 2047 3310 2262 3393; x_wconf 79' lang='lat' dir='ltr'><strong>effugia</strong></span> <span class='ocrx_word' id='word_1_244' title='bbox 2303 3313 2631 3376; x_wconf 83' lang='lat' dir='ltr'><strong>consistunt</strong></span> 
     </span>
     <span class='ocr_line' id='line_1_29' title="bbox 527 3411 2635 3500; baseline 0.002 -25"><span class='ocrx_word' id='word_1_245' title='bbox 527 3416 591 3488; x_wconf 83' lang='lat' dir='ltr'><strong>in</strong></span> <span class='ocrx_word' id='word_1_246' title='bbox 635 3413 996 3484; x_wconf 66' lang='lat' dir='ltr'><strong>distrosibus,</strong></span> <span class='ocrx_word' id='word_1_247' title='bbox 1037 3411 1446 3491; x_wconf 65' lang='lat' dir='ltr'><strong>synai-esibus,</strong></span> <span class='ocrx_word' id='word_1_248' title='bbox 1486 3423 1549 3472; x_wconf 91' lang='lat' dir='ltr'><strong>et</strong></span> <span class='ocrx_word' id='word_1_249' title='bbox 1582 3413 1935 3478; x_wconf 83' lang='lat' dir='ltr'><strong>elisionibus.</strong></span> <span class='ocrx_word' id='word_1_250' title='bbox 2016 3416 2267 3479; x_wconf 84' lang='lat' dir='ltr'><strong>Dioeresi</strong></span> <span class='ocrx_word' id='word_1_251' title='bbox 2305 3439 2480 3480; x_wconf 87' lang='lat' dir='ltr'><strong>unam</strong></span> <span class='ocrx_word' id='word_1_252' title='bbox 2511 3421 2635 3500; x_wconf 85' lang='lat' dir='ltr'><strong>syl-</strong></span> 
     </span>
     <span class='ocr_line' id='line_1_30' title="bbox 528 3518 2634 3607; baseline 0.003 -26"><span class='ocrx_word' id='word_1_253' title='bbox 528 3521 724 3581; x_wconf 70' lang='lat' dir='ltr'><strong>labam</strong></span> <span class='ocrx_word' id='word_1_254' title='bbox 750 3520 808 3600; x_wconf 73' lang='lat' dir='ltr'><strong>in</strong></span> <span class='ocrx_word' id='word_1_255' title='bbox 838 3520 983 3579; x_wconf 72' lang='lat' dir='ltr'><strong>duas</strong></span> <span class='ocrx_word' id='word_1_256' title='bbox 1008 3518 1308 3578; x_wconf 81' lang='lat' dir='ltr'><strong>dividunt:</strong></span> <span class='ocrx_word' id='word_1_257' title='bbox 1353 3536 1461 3580; x_wconf 83' lang='lat' dir='ltr'><strong>nos</strong></span> <span class='ocrx_word' id='word_1_258' title='bbox 1488 3518 1642 3580; x_wconf 77' lang='lat' dir='ltr'><strong>hanc</strong></span> <span class='ocrx_word' id='word_1_259' title='bbox 1678 3520 1908 3582; x_wconf 84' lang='lat' dir='ltr'><strong>duobus</strong></span> <span class='ocrx_word' id='word_1_260' title='bbox 1948 3522 2005 3581; x_wconf 92' lang='lat' dir='ltr'><strong>in</strong></span> <span class='ocrx_word' id='word_1_261' title='bbox 2046 3524 2215 3602; x_wconf 82' lang='lat' dir='ltr'><strong>apice</strong></span> <span class='ocrx_word' id='word_1_262' title='bbox 2254 3526 2485 3604; x_wconf 83' lang='lat' dir='ltr'><strong>punctis</strong></span> <span class='ocrx_word' id='word_1_263' title='bbox 2524 3546 2634 3607; x_wconf 80' lang='lat' dir='ltr'><strong>ap·</strong></span> 
     </span>
     <span class='ocr_line' id='line_1_31' title="bbox 528 3624 2631 3707; baseline -0.001 -22"><span class='ocrx_word' id='word_1_264' title='bbox 528 3625 734 3707; x_wconf 81' lang='lat' dir='ltr'><strong>positis</strong></span> <span class='ocrx_word' id='word_1_265' title='bbox 776 3624 1245 3705; x_wconf 69' lang='lat' dir='ltr'><strong>designavimus:</strong></span> <span class='ocrx_word' id='word_1_266' title='bbox 1301 3635 1386 3695; x_wconf 86' lang='lat' dir='ltr'><strong>ut,</strong></span> <span class='ocrx_word' id='word_1_267' title='bbox 1440 3628 1551 3694; x_wconf 74' lang='lat' dir='ltr'><strong>cui,</strong></span> <span class='ocrx_word' id='word_1_268' title='bbox 1592 3627 1698 3696; x_wconf 79' lang='lat' dir='ltr'><strong>dei,</strong></span> <span class='ocrx_word' id='word_1_269' title='bbox 1740 3628 1840 3698; x_wconf 73' lang='lat' dir='ltr'><strong>dii,</strong></span> <span class='ocrx_word' id='word_1_270' title='bbox 1882 3629 2009 3699; x_wconf 77' lang='lat' dir='ltr'><strong>diis,</strong></span> <span class='ocrx_word' id='word_1_271' title='bbox 2051 3633 2198 3690; x_wconf 70' lang='lat' dir='ltr'><strong>imm.-</strong></span> <span class='ocrx_word' id='word_1_272' title='bbox 2256 3651 2389 3692; x_wconf 85' lang='lat' dir='ltr'><strong>cum</strong></span> <span class='ocrx_word' id='word_1_273' title='bbox 2427 3652 2463 3692; x_wconf 90' lang='lat' dir='ltr'><strong>e</strong></span> <span class='ocrx_word' id='word_1_274' title='bbox 2504 3653 2631 3695; x_wconf 88' lang='lat' dir='ltr'><strong>mo.</strong></span> 
     </span>
     <span class='ocr_line' id='line_1_32' title="bbox 530 3730 2629 3818; baseline -0.001 -25"><span class='ocrx_word' id='word_1_275' title='bbox 530 3731 847 3814; x_wconf 79' lang='lat' dir='ltr'><strong>nosyllabis</strong></span> <span class='ocrx_word' id='word_1_276' title='bbox 882 3731 1029 3792; x_wconf 83' lang='lat' dir='ltr'><strong>fiunt</strong></span> <span class='ocrx_word' id='word_1_277' title='bbox 1071 3730 1395 3810; x_wconf 78' lang='lat' dir='ltr'><strong>disyllaba:</strong></span> <span class='ocrx_word' id='word_1_278' title='bbox 1446 3734 1640 3807; x_wconf 64' lang='lat' dir='ltr'><strong>cuique</strong></span> <span class='ocrx_word' id='word_1_279' title='bbox 1677 3733 1882 3802; x_wconf 76' lang='lat' dir='ltr'><strong>deiude,</strong></span> <span class='ocrx_word' id='word_1_280' title='bbox 1919 3735 2161 3809; x_wconf 74' lang='lat' dir='ltr'><strong>proinde,</strong></span> <span class='ocrx_word' id='word_1_281' title='bbox 2192 3755 2328 3796; x_wconf 87' lang='lat' dir='ltr'><strong>cum</strong></span> <span class='ocrx_word' id='word_1_282' title='bbox 2370 3757 2406 3796; x_wconf 89' lang='lat' dir='ltr'><strong>e</strong></span> <span class='ocrx_word' id='word_1_283' title='bbox 2447 3736 2629 3818; x_wconf 82' lang='lat' dir='ltr'><strong>disyl-</strong></span> 
     </span>
     <span class='ocr_line' id='line_1_33' title="bbox 530 3834 2632 3919; baseline 0 -20"><span class='ocrx_word' id='word_1_284' title='bbox 530 3839 678 3901; x_wconf 80' lang='lat' dir='ltr'><strong>labis</strong></span> <span class='ocrx_word' id='word_1_285' title='bbox 725 3838 1028 3919; x_wconf 76' lang='lat' dir='ltr'><strong>trisyllaba</strong></span> <span class='ocrx_word' id='word_1_286' title='bbox 1068 3834 1422 3912; x_wconf 84' lang='lat' dir='ltr'><strong>judicantur.</strong></span> <span class='ocrx_word' id='word_1_287' title='bbox 1525 3834 1812 3914; x_wconf 74' lang='lat' dir='ltr'><strong>Synaeresi</strong></span> <span class='ocrx_word' id='word_1_288' title='bbox 1861 3836 2006 3898; x_wconf 77' lang='lat' dir='ltr'><strong>dues</strong></span> <span class='ocrx_word' id='word_1_289' title='bbox 2050 3837 2302 3916; x_wconf 73' lang='lat' dir='ltr'><strong>syllabas</strong></span> <span class='ocrx_word' id='word_1_290' title='bbox 2347 3837 2408 3898; x_wconf 87' lang='lat' dir='ltr'><strong>in</strong></span> <span class='ocrx_word' id='word_1_291' title='bbox 2455 3858 2632 3900; x_wconf 87' lang='lat' dir='ltr'><strong>unam</strong></span> 
     </span>
     <span class='ocr_line' id='line_1_34' title="bbox 496 3931 2633 4022; baseline 0.002 -21"><span class='ocrx_word' id='word_1_292' title='bbox 496 3931 902 4014; x_wconf 80' lang='lat' dir='ltr'><strong>-eontrahunt,</strong></span> <span class='ocrx_word' id='word_1_293' title='bbox 930 3960 1104 4020; x_wconf 87' lang='lat' dir='ltr'><strong>quam</strong></span> <span class='ocrx_word' id='word_1_294' title='bbox 1143 3941 1258 4000; x_wconf 84' lang='lat' dir='ltr'><strong>hac</strong></span> <span class='ocrx_word' id='word_1_295' title='bbox 1304 3949 1443 3999; x_wconf 87' lang='lat' dir='ltr'><strong>nota</strong></span> <span class='ocrx_word' id='word_1_296' title='bbox 1469 3939 1648 4018; x_wconf 87' lang='lat' dir='ltr'><strong>priori</strong></span> <span class='ocrx_word' id='word_1_297' title='bbox 1687 3939 1878 4000; x_wconf 84' lang='lat' dir='ltr'><strong>vocali</strong></span> <span class='ocrx_word' id='word_1_298' title='bbox 1914 3941 2282 4022; x_wconf 82' lang='lat' dir='ltr'><strong>superposita</strong></span> <span class='ocrx_word' id='word_1_299' title='bbox 2318 3942 2633 4005; x_wconf 71' lang='lat' dir='ltr'><strong>indicatam</strong></span> 
     </span>
     <span class='ocr_line' id='line_1_35' title="bbox 532 4046 2630 4130; baseline 0 -20"><span class='ocrx_word' id='word_1_300' title='bbox 532 4050 838 4126; x_wconf 79' lang='lat' dir='ltr'><strong>voluimus.</strong></span> <span class='ocrx_word' id='word_1_301' title='bbox 933 4048 1046 4107; x_wconf 73' lang='lat' dir='ltr'><strong>lua</strong></span> <span class='ocrx_word' id='word_1_302' title='bbox 1082 4046 1258 4125; x_wconf 82' lang='lat' dir='ltr'><strong>igitur</strong></span> <span class='ocrx_word' id='word_1_303' title='bbox 1297 4056 1359 4106; x_wconf 91' lang='lat' dir='ltr'><strong>et</strong></span> <span class='ocrx_word' id='word_1_304' title='bbox 1399 4064 1653 4124; x_wconf 79' lang='lat' dir='ltr'><strong>sequens</strong></span> <span class='ocrx_word' id='word_1_305' title='bbox 1694 4046 1933 4116; x_wconf 87' lang='lat' dir='ltr'><strong>vocalis,</strong></span> <span class='ocrx_word' id='word_1_306' title='bbox 1972 4066 2106 4127; x_wconf 74' lang='lat' dir='ltr'><strong>ques</strong></span> <span class='ocrx_word' id='word_1_307' title='bbox 2160 4047 2218 4108; x_wconf 86' lang='lat' dir='ltr'><strong>in</strong></span> <span class='ocrx_word' id='word_1_308' title='bbox 2265 4049 2393 4109; x_wconf 84' lang='lat' dir='ltr'><strong>aliis</strong></span> <span class='ocrx_word' id='word_1_309' title='bbox 2434 4051 2630 4130; x_wconf 87' lang='lat' dir='ltr'><strong>poetis</strong></span> 
     </span>
     <span class='ocr_line' id='line_1_36' title="bbox 534 4150 2630 4237; baseline 0.002 -24"><span class='ocrx_word' id='word_1_310' title='bbox 534 4169 712 4233; x_wconf 70' lang='lat' dir='ltr'><strong>atque</strong></span> <span class='ocrx_word' id='word_1_311' title='bbox 748 4154 809 4212; x_wconf 89' lang='lat' dir='ltr'><strong>in</strong></span> <span class='ocrx_word' id='word_1_312' title='bbox 845 4154 956 4214; x_wconf 87' lang='lat' dir='ltr'><strong>hoe</strong></span> <span class='ocrx_word' id='word_1_313' title='bbox 987 4157 1162 4237; x_wconf 57' lang='lat' dir='ltr'><strong>juxta</strong></span> <span class='ocrx_word' id='word_1_314' title='bbox 1196 4151 1446 4232; x_wconf 83' lang='lat' dir='ltr'><strong>primum</strong></span> <span class='ocrx_word' id='word_1_315' title='bbox 1484 4150 1858 4210; x_wconf 88' lang='lat' dir='ltr'><strong>dimensionis</strong></span> <span class='ocrx_word' id='word_1_316' title='bbox 1884 4152 2122 4212; x_wconf 83' lang='lat' dir='ltr'><strong>modum</strong></span> <span class='ocrx_word' id='word_1_317' title='bbox 2156 4154 2302 4214; x_wconf 88' lang='lat' dir='ltr'><strong>duas</strong></span> <span class='ocrx_word' id='word_1_318' title='bbox 2332 4154 2630 4218; x_wconf 85' lang='lat' dir='ltr'><strong>efficerent</strong></span> 
     </span>
     <span class='ocr_line' id='line_1_37' title="bbox 533 4255 2633 4344; baseline 0.002 -27"><span class='ocrx_word' id='word_1_319' title='bbox 533 4259 806 4339; x_wconf 79' lang='lat' dir='ltr'><strong>syllabas,</strong></span> <span class='ocrx_word' id='word_1_320' title='bbox 857 4259 915 4344; x_wconf 69' lang='lat' dir='ltr'><strong>in</strong></span> <span class='ocrx_word' id='word_1_321' title='bbox 973 4276 1147 4316; x_wconf 81' lang='lat' dir='ltr'><strong>unam</strong></span> <span class='ocrx_word' id='word_1_322' title='bbox 1199 4266 1434 4324; x_wconf 81' lang='lat' dir='ltr'><strong>coeunt,</strong></span> <span class='ocrx_word' id='word_1_323' title='bbox 1486 4273 1624 4314; x_wconf 86' lang='lat' dir='ltr'><strong>cum</strong></span> <span class='ocrx_word' id='word_1_324' title='bbox 1667 4255 1910 4315; x_wconf 84' lang='lat' dir='ltr'><strong>alteram</strong></span> <span class='ocrx_word' id='word_1_325' title='bbox 1964 4257 2276 4319; x_wconf 81' lang='lat' dir='ltr'><strong>scansionis</strong></span> <span class='ocrx_word' id='word_1_326' title='bbox 2330 4260 2633 4332; x_wconf 79' lang='lat' dir='ltr'><strong>rationem,</strong></span> 
     </span>
    </p>
   </div>
  </div>
 </body>
</html>
