2917 4900
943 872 1980 963 COMMENTARIUM

538 1133 837 1196 RUFINI
879 1135 957 1201 V.
999 1139 1082 1201 D.
1125 1139 1712 1205 GRAMMATICI
1754 1142 2393 1207 ANTIOCHENSIS

908 1304 919 1315 '
1044 1320 1120 1366 m
1153 1319 1387 1370 murm
1417 1321 1863 1372 umnam.

1353 1502 1547 1532 -Φ-ο

474 1658 992 1723 EVANTHIUS
1032 1658 1096 1718 in
1121 1643 1547 1721 commentario
1575 1646 1842 1724 Terentii
1867 1664 1945 1726 de
1981 1640 2197 1738 fabula,
2243 1666 2362 1730 hoc
2387 1679 2499 1743 est,

388 1770 476 1829 de
508 1768 799 1829 comoedia
835 1766 920 1828 sic
961 1765 1105 1826 dicit
1123 1787 1142 1826 z
1174 1766 1466 1827 concinna
1510 1778 1874 1846 argumento,
1920 1771 2331 1833 consuetudini
2363 1792 2502 1833 con·

376 1892 562 1954 grua,
590 1871 747 1932 utilis
768 1854 1090 1945 sententiis,
1109 1882 1281 1951 grata
1300 1871 1535 1945 salibus,
1557 1881 1697 1952 apta
1719 1884 1928 1935 metro.
1945 1884 2007 1935 et
2025 1886 2235 1955 postea
2256 1876 2367 1936 sic:
2395 1896 2497 1937 ve·

378 1997 553 2044 teres
573 1981 687 2043 etsi
711 1980 800 2041 usi
823 1980 932 2062 ipsi
953 1960 1191 2062 quoque
1210 1980 1410 2041 metris
1429 1980 1826 2062 negligentius
1853 1981 2097 2058 ,iambici
2115 1998 2318 2041 versus
2347 1981 2499 2041 dun-

380 2100 561 2151 taxat
583 2089 645 2147 in
675 2088 943 2149 secundo
963 2099 1025 2149 et
1050 2097 1258 2168 quarto
1280 2088 1435 2161 loco,
1465 2097 1667 2148 tamen
1694 2107 1733 2148 a
1760 2087 2037 2148 Terentio
2063 2087 2375 2148 vincuntur
2399 2107 2496 2149 re·

380 2194 681 2256 solutione
695 2193 869 2273 hujus
888 2193 1058 2254 metri
1075 2202 1355 2274 quantum
1365 2193 1711 2254 comminuti
1730 2194 1809 2252 ad
1823 2192 2136 2272 imaginem
2152 2212 2346 2273 prosae
2372 2213 2499 2256 ora-

384 2300 591 2361 tionis.
635 2299 920 2384 Asperin
945 2296 1365 2359 commentario
1392 2298 1657 2358 Terentii
1684 2298 1809 2359 sic:
1850 2299 2032 2360 hosce
2069 2320 2272 2361 versus
2314 2316 2498 2381 agere

388 2405 706 2489 coepisset:
734 2407 818 2466 im
843 2411 908 2466 ηὲ
920 2410 1109 2484 patris
1134 2405 1221 2465 dis
1243 2407 1535 2466 adveratom
1554 2411 1737 2467 ὀἕνϊέᾱ
1769 2407 1894 2468 hinc
1919 2408 2093 2467 ἅὸῐεεὲ
2120 2407 2349 2467 άὸηιᾱπι.
2412 2406 2497 2468 Et

393 2514 673 2594 deinceps
701 2533 833 2595 quae
875 2523 1195 2594 sequuntur
1221 2495 1513 2594 quadrati.
1562 2511 1885 2574 Diomedes
1927 2513 2055 2573 sic:
2098 2514 2492 2593 septenarium

392 2639 630 2682 versum
656 2620 849 2680 Varro
873 2618 1003 2678 fieri
1030 2617 1172 2678 dicit
1194 2619 1309 2678 hoc
1335 2617 1533 2691 modo,
1579 2637 1713 2677 cum
1752 2618 1832 2677 ad
1858 2619 2124 2694 jambum
2163 2618 2493 2698 trisyllabus

385 2744 498 2806 pes
544 2721 798 2796 additur,
848 2733 911 2782 et
950 2722 1021 2782 fit
1061 2723 1216 2782 tale:
1261 2723 1399 2800 quid
1432 2725 1838 2782 immerenttbt‘cs
1867 2730 2070 2781 noces?
2107 2724 2241 2800 quid
2281 2725 2492 2784 invidie

381 2837 586 2891 unai'c‘is
603 2830 635 2888 2
674 2828 969 2889 similiter
954 2848 1014 2887 m
1033 2827 1316 2888 Terentio
1341 2847 1541 2888 versus
1569 2839 1695 2888 este

363 2959 371 2966 ·
470 2936 627 2995 Nc‘im
650 2943 703 2993 εἴ
737 2933 1019 2994 νὲωἰτίᾶπὲ
1067 2938 1346 3011 quippiam
1389 2933 1723 2994 ΡΙᾶΙᾶηιὲπω
1764 2935 1992 2995 dolores.
2075 2934 2197 2994 Et
2181 2955 2243 2995 in
2272 2936 2485 2998 Plauto

383 3060 551 3120 soepe
571 3039 718 3099 tales
737 3037 1123 3119 reperiuntur.
1165 3037 1354 3098 Varro
1380 3037 1457 3097 de
1475 3038 1676 3118 lingua
1692 3037 1872 3099 latina
1889 3041 1970 3100 ad
1989 3039 2339 3102 Marcellum
2361 3044 2483 3103 sic·
2465 3087 2486 3105 .

354 3169 367 3177 ·
380 3165 570 3228 qnare
588 3144 650 3204 in
667 3144 1002 3224 hujusmodi
1026 3144 1173 3205 locis
1200 3145 1339 3225 poni
1367 3156 1601 3226 oportet
1621 3157 1821 3206 notam
1839 3146 1902 3206 in
1920 3158 2310 3208 transversum
2334 3147 2484 3210 inter

378 3252 659 3333 syllabas,
684 3250 1043 3333 frequentius
1067 3250 1147 3309 ad
1173 3259 1497 3311 extremum
1520 3270 1774 3324 versum,
1817 3245 2127 3324 senarium,
2157 3262 2217 3312 et
2244 3251 2482 3328 similes,

380 3359 438 3420 si
465 3377 572 3437 pro
598 3357 778 3436 longa
802 3356 1041 3416 brevem
1066 3355 1392 3428 habebunt,
1433 3368 1502 3415 ut
1543 3356 1606 3416 in
1641 3358 1789 3417 hoc:
1838 3365 2048 3417 ἅπιῖεϊιε
2073 3367 2310 3419 &femmas
2331 3367 2483 3421 mede

358 3474 443 3524 ’ἔτ
464 3465 749 3541 popilii-‘is
778 3462 946 3522 tha.
1002 3461 1303 3523 Charisius
1329 3462 1448 3523 sic:
1498 3463 1895 3544 septenarium
1920 3484 2150 3525 versum
2187 3465 2316 3526 fieri
2342 3466 2485 3528 dicit

380 3571 580 3630 Varro
617 3569 733 3630 hoc
758 3550 953 3644 inodo,
998 3588 1134 3629 cum
1179 3569 1259 3628 ad
1285 3569 1550 3646 jambum
1585 3559 1923 3652 trisyllabus
1959 3590 2065 3652 pes
2108 3565 2378 3645 additur,'
2410 3585 2479 3634 ut

374 3674 692 3758 praefatum
718 3685 830 3737 est.
870 3673 1107 3736 Bauius
1134 3672 1210 3734 ad
1231 3663 1533 3734 Neronetn
1560 3675 1638 3736 de
1654 3665 1913 3752 jambico
1940 3675 2026 3736 sic
2053 3677 2239 3738 dixit:
2262 3680 2476 3758 jambi-

374 3801 490 3844 cus
529 3791 728 3841 autem
755 3799 890 3852 cum
927 3779 1111 3861 pedes
1150 3779 1326 3839 etiam
1367 3778 1646 3860 dactylici
1687 3773 1920 3859 generis
1946 3793 2221 3857 assumat,
2264 3785 2479 3846 desinit

360 3886 663 3966 jambicus
684 3886 889 3959 videri,
916 3885 1026 3947 nisi
1051 3873 1430 3968 percussione
1456 3885 1541 3947 its
1567 3886 1976 3959 moderareris,
2005 3898 2073 3947 ut
2099 3908 2234 3949 cum
2257 3891 2475 3970 pedem

364 3991 698 4074 supplodis‚
726 3991 1048 4069 jambicum
1094 3990 1271 4052 ferias
1292 4014 1311 4051 ε
1354 3991 1609 4073 ideoque
1646 3992 1748 4052 illa
1770 3993 1903 4052 loca
1926 3994 2313 4072 percussionis
2350 4014 2472 4055 non

367 4098 670 4180 recipiunt
706 4096 882 4158 alium
908 4115 1085 4178 quam
1116 4096 1402 4172 jambam,
1445 4107 1509 4158 et
1534 4098 1588 4158 ei
1613 4091 1814 4178 parem
1851 4097 2243 4161 tribrachum:
2292 4110 2396 4160 aut
2419 4099 2469 4161 si

359 4206 608 4269 alterius
637 4204 1014 4267 exhibuerint
1037 4204 1208 4266 metri
1234 4203 1516 4285 speciem.
1565 4205 1726 4285 quod
1765 4204 1922 4279 dico,
1961 4204 2228 4285 exemplo
2254 4202 2468 4265 faciam

352 4310 672 4374 musta-im.
734 4311 846 4375 Est
882 4311 946 4371 in
986 4310 1278 4373 Eunucho
1321 4309 1582 4372 Terentii
1611 4307 1806 4372 statim
1832 4309 1891 4369 in
1918 4303 2103 4389 prima
2128 4311 2343 4390 pag-ina
2367 4310 2468 4374 hic

430 4434 560 4469 vor..
598 4434 664 4467 11.
1394 4417 1461 4465 Α*
