2917 4900
790 362 1399 441 ns=coM101s
1465 374 1974 481 vnnsmus.
2318 368 2461 434 lxv*

342 580 512 641 supra
536 562 862 634 memorati,
899 582 1022 622 non
1062 562 1453 623 nominantur.
1497 562 1620 623 Sed
1646 580 1842 641 neque
1869 568 2177 621 servarunt
2210 558 2346 629 hoc,
2378 567 2448 617 ut

341 677 470 727 ante
497 668 800 740 κατάληξιν
823 687 1057 749 semper
1083 678 1240 729 esset
1248 669 1481 744 jambus
1505 692 1521 729 ι
1562 688 1757 748 neque
1784 687 1916 727 non·
1931 686 2041 747 pro
2068 665 2296 747 syllaba
2314 663 2445 723 lon·

342 792 416 852 ga
438 773 791 834 catalectioa
816 775 1150 855 saepe-duas
1172 775 1380 835 breves
1404 784 1758 856 posuerunt:

642 921 875 997 AEdepol
894 921 1121 991 lenones,
1144 939 1259 978 meo
1287 919 1485 993 anima,
1507 917 1709 978 novisti
1734 915 1914 975 Lusce
1937 916 2126 1005 lepide.

345 1054 498 1114 Ante
538 1054 842 1125 κατάληξιν
880 1014 1196 1133 τρίβρᾷχης
1223 1060 1351 1111 est:

581 1167 843 1242 Tacuisse
868 1182 1159 1254 mansuem,
1189 1182 1336 1240 haud
1358 1182 1495 1240 male
1520 1180 1775 1240 meditate
1801 1179 1938 1237 male
1964 1178 2194 1238 dicaces.

326 1315 499 1376 ·Ante
525 1314 829 1392 κατάληξιν
857 1324 949 1373 est
972 1313 1304 1393 spondeus:

658 1456 809 1516 Bene
837 1476 937 1535 ego
964 1456 1129 1514 istam
1149 1453 1310 1513 eduxi
1329 1472 1456 1513 meoe
1477 1455 1635 1526 domi,
1669 1462 1724 1513 et
1744 1453 1958 1531 pudice.

658 1560 894 1621 ——Si
921 1563 1084 1640 hujus
1109 1561 1344 1619 miseret.

343 1672 500 1769 Aine
528 1673 829 1782 κατάληξὲν
858 1718 949 1768 est
978 1707 1288 1788 dactylus:

379 1852 681 1929 Nunquam
718 1870 803 1908 me
823 1870 1011 1909 orares
1034 1850 1165 1928 quin
1205 1850 1386 1908 darem
1399 1866 1420 1902 .·
1468 1869 1607 1908 nunc
1632 1850 1780 1908 illum
1823 1857 1877 1906 te
1904 1866 2064 1905 orare
2097 1847 2284 1905 melius
2302 1854 2404 1904 est.

340 2009 476 2068 Lim
492 2018 595 2081 cst,
623 2008 686 2067 in
714 2027 891 2067 unam
914 2006 1200 2088 syllabam
1229 2016 1639 2067 concrescunt.
1704 2005 1790 2065 Hi
1829 2025 2028 2064 versus
2074 2002 2443 2084 appellantur

336 2115 731 2195 hipponactei‚
761 2114 835 2173 ab
859 2124 1083 2186 autore,
1114 2106 1173 2173 et
1196 2113 1407 2173 Latine
1445 2115 1796 2195 septenarii:
1844 2124 1964 2172 tum
1996 2112 2169 2185 enim,
2202 2112 2448 2183 Priscia-

337 2242 461 2282 nus—
476 2222 574 2294 ait,
600 2222 929 2281 Varronem
960 2221 1283 2302 scripsisse,
1303 2220 1430 2280 fieri
1452 2221 1867 2302 septenarium,
1894 2241 2029 2281 eum
2051 2220 2127 2280 ad
2157 2219 2450 2280 senarium

326 2328 652 2405 ,iambicum
692 2326 1031 2406 trisyllabus
1072 2346 1179 2406 pes
1222 2325 1490 2400 addatur,
1515 2327 1631 2387 hoc
1660 2325 1872 2387 modo:

665 2487 819 2555 Quid
839 2486 1233 2546 immerentibus
1252 2506 1407 2547 noces
1425 2493 1449 2542 ,⁷
1486 2485 1618 2563 quid
1641 2485 1849 2543 invides
1877 2484 2063 2541 amicis
2080 2493 2104 2541 ,²

341 2635 514 2698 Talia
531 2644 668 2697 sunt
693 2635 1139 2715 Aristophanes
1164 2634 1226 2693 in
1266 2636 1451 2705 Pluto,
1483 2650 1732 2711 quorum
1774 2629 2019 2710 primum
2045 2629 2163 2689 hoc
2185 2652 2204 2689 z
2245 2679 2258 2690 .

636 2775 718 2837 Ὦ
736 2781 928 2836 πολλὰ
954 2776 1021 2849 δὴ
1050 2780 1129 2858 τῷ
1156 2776 1394 2861 δεσπότῃ
1421 2777 1626 2836 ταυτὸν
1655 2773 1839 2855 θῦμον
1865 2778 2162 2854 φαγόντες.

341 2923 740 2985 Trochaicum
771 2943 1010 2983 carmen
1039 2933 1129 2982 est
1162 2921 1488 3002 jambicum
1515 2930 1954 2980 commutatum.
1984 2919 2260 2979 trocheus
2286 2939 2323 2979 a
2346 2939 2458 2982 vo·.
2498 2998 2507 3005 ·

336 3028 629 3090 labilitate
658 3039 720 3089 et
748 3029 973 3088 ratione
1002 3047 1215 3087 nomen
1235 3027 1434 3099 habet,
1462 3026 1786 3088 contrarius
1807 3046 1914 3107 pes
1927 3026 2148 3103 jamb0,
2174 3037 2447 3088 constans

335 3134 521 3213 longa
545 3145 607 3194 et
626 3133 811 3205 brevi,
843 3133 1034 3206 scribe,
1063 3153 1237 3206 musa,
1265 3134 1447 3192 verba.
1520 3133 1663 3193 Hoc
1706 3135 1970 3211 jambum
2016 3152 2131 3191 non
2173 3134 2446 3206 admittit,

337 3241 834 3321 quemadmodum
865 3259 1055 3319 neque
1082 3238 1142 3298 in
1159 3240 1478 3315 jambicum
1499 3239 1776 3298 trocheus
1797 3239 2137 3317 ingreditur.
2197 3238 2324 3298 Etsi
2351 3259 2447 3300 re-

336 3349 562 3430 peritur
606 3347 785 3406 etiam
819 3345 880 3404 in
907 3344 1134 3405 Graecis
1177 3346 1477 3432 τροχαῖκὸν
1525 3344 1894 3426 τετράμετρον
1936 3346 2354 3419 καταληκτικὸν,
2382 3346 2447 3406 in

340 3458 508 3530 cujus
532 3462 742 3532 quarto
769 3450 904 3511 loco
927 3450 1157 3530 ponitur
1173 3452 1426 3526 jambus,
1454 3462 1523 3511 ut
1550 3451 1612 3510 in
1640 3452 1712 3509 N
1708 3453 1875 3509 ebulis
1891 3474 1911 3509 .·
2397 3459 2406 3463 ’

405 3550 499 3617 'ss'
518 3557 789 3637 θεόμενοι
833 3560 1036 3636 κατερῷ
1067 3558 1210 3635 πρός
1238 3556 1294 3632 γ’
1324 3556 1470 3635 ὑμᾶς
1495 3557 1815 3633 ἐλευθέρως.
1881 3554 2076 3637 quue
2106 3560 2449 3622 εὐπολίδειον

341 3654 670 3727 &efferarer
690 3671 995 3723 vocarunt.
2089 3737 2098 3752 ,
2415 3729 2424 3736 .

424 3769 543 3830 Sed
567 3753 753 3829 multo
780 3773 1000 3843 majore
1022 3763 1260 3826 licentia
1284 3764 1479 3826 Latini
1509 3768 1597 3829 usi
1624 3768 1880 3842 fuerunt,
1917 3782 1979 3830 et
2014 3772 2248 3851 passim,
2272 3784 2338 3834 ut
2364 3773 2449 3835 vi·

334 3875 528 3946 detur,
557 3874 928 3933 inseruerunt
959 3870 1208 3949 jambos.
1277 3870 1519 3932 Docent
1561 3885 1758 3934 autern
1787 3876 1871 3935 ita
1895 3876 2023 3936 fieri
2047 3878 2164 3938 hoc
2189 3898 2445 3952 carmen,

335 3983 389 4044 si
417 3981 494 4040 ad
533 3979 823 4040 senarium
852 3976 1176 4055 ⁸iambicum
1204 3976 1489 4038 addamus
1517 3979 1792 4052 creticon‚
1831 3981 1932 4059 qui
1980 3986 2356 4066 ἀμφίμακρος,
2383 3984 2449 4045 id

339 4099 453 4163 est,
479 4087 706 4169 syllaba
730 4078 908 4164 longa
932 4083 1124 4144 brevis
1150 4083 1362 4163 longa:
1396 4095 1463 4143 ut
1490 4085 1726 4168 aurzfix,
1753 4086 1868 4146 hoc
1897 4087 2096 4161 modo,

1465 4244 1574 4303 Dii
1602 4244 1746 4315 boni,

679 4355 823 4415 Boni
847 4353 982 4434 quid
997 4361 1181 4431 porto,
1205 4350 1300 4413 sed
1321 4351 1421 4412 ubi.
1434 4349 1704 4410 invenienti
1734 4348 2072 4427 Pamphilum
2091 4349 2123 4407 2
