2917 4900
485 852 714 944 ΕΒΗ
759 830 1153 929 υοΝΑΤῐ,
1195 850 1286 916 v,
1317 850 1393 916 c.
1426 845 1905 921 oRA'roms
1951 804 2237 931 'unsis
2339 840 2356 939 ζ

642 1011 871 1070 ωηατ..
902 1010 1243 1078 rurs-1⁹10
1275 1000 1729 1065 mamimus
1759 1008 2096 1060 numme
2179 992 2214 1019 ·’

1273 1194 1461 1229 σι’-ιν

462 1354 659 1417 HAEc
688 1353 887 1415 fabula
929 1352 1189 1434 palliata,
1227 1366 1295 1415 ut
1336 1352 1523 1435 ipsum
1555 1352 1786 1416 iudicat
1810 1373 2045 1426 nomen,
2074 1372 2108 1416 e
2137 1353 2364 1434 ploni».

386 1470 641 1523 numero,
668 1470 848 1530 quum
874 1448 948 1511 sit
971 1469 1119 1510 una:
1149 1462 1210 1511 et
1236 1451 1554 1513 masculino
1580 1470 1818 1531 genere,
1836 1471 2010 1531 quum
2029 1450 2110 1519 sit.
2131 1468 2345 1511 comoee

389 1545 515 1609 dis·
557 1556 621 1607 et
654 1545 871 1605 Graeca
909 1543 1126 1624 lingua,
1169 1566 1346 1627 quum
1386 1548 1463 1605 sit
1499 1547 1733 1618 Latina,
1780 1558 2076 1608 censetur
2155 1544 2364 1626 Potuit,

388 1659 513 1703 eam
540 1640 852 1701 Terentius
880 1641 1104 1699 Fratres
1118 1642 1347 1701 dicere:
1376 1639 1483 1701 sed
1511 1649 1571 1700 et
1591 1640 1827 1705 Graecin
1843 1642 2046 1703 ominis
2072 1643 2366 1723 εὔφωνίαν,

383 1737 676 1818 perderet,
704 1745 768 1796 et
791 1744 1288 1815 proetereatogata
1302 1734 1626 1806 videretur·
1659 1720 1738 1796 ad
1761 1755 2066 1809 summam,
2087 1757 2205 1798 non
2230 1749 2348 1799 sta-
2353 1770 2360 1775 -

382 1835 482 1899 tim
520 1831 940 1911 intelligeretur
966 1830 1263 1890 Menandri
1303 1849 1468 1902 esse;
1509 1831 1672 1911 quod
1703 1831 2064 1893 Terentius
2048 1853 2110 1893 m
2145 1835 2345 1915 primis

378 1931 658 1991 lectorem
692 1926 844 1989 scire
871 1926 1069 2007 cupit:
1102 1925 1294 1986 minus
1321 1926 1678 1987 existumans
1704 1927 1892 1989 laudis
1917 1929 2180 2009 proprias
2201 1931 2348 1991 scti-

267 2066 271 2073 ·
380 2027 537 2099 bere,
567 2043 741 2106 quam
784 2023 1022 2084 Graecas
1058 2021 1390 2097 transferre.
1472 2020 1582 2082 Est
1629 2023 1806 2102 igitur
1831 2024 2188 2111 Menandrii
2219 2038 2284 2088 et
2308 2047 2348 2088 a

375 2122 618 2183 fratmm
674 2120 852 2191 facto,
896 2118 1105 2199 quibus
1150 2129 1549 2203 argumentum
1597 2120 1814 2194 nititur,
1833 2178 1838 2183 ,
1856 2140 2069 2182 nomen
2116 2121 2346 2202 accipit.

378 2218 570 2297 Hujus
600 2227 726 2276 tota
750 2216 905 2277 actio
941 2236 1120 2295 quum
1145 2216 1221 2276 sit
1246 2215 1426 2277 mixta
1465 2236 1544 2276 ex
1587 2228 1834 2297 utroque
1861 2236 2101 2301 genere,
2127 2229 2195 2278 ut
2218 2217 2368 2279 fere=

376 2312 746 2374 Terentianae
772 2331 989 2383 omnes,
1027 2322 1237 2391 praeter
1259 2312 1980 2386 Heautontimorumeuou,
2007 2325 2204 2375 tamen
2223 2334 2370 2395 rna·⁸

369 2412 478 2494 j'ori
516 2431 597 2471 ex
622 2419 792 2491 parte
817 2408 1064 2470 motoria
1089 2419 1198 2471 est.
1233 2428 1365 2469 nam
1392 2409 1659 2471 statarios
1700 2409 1859 2472 locos
1885 2430 2206 2493 perpaucos
2231 2410 2373 2484 ·ha-‚

379 2510 499 2574 bet
537 2507 791 2570 Prodest
811 2518 1005 2566 autem
1033 2517 1094 2566 et
1115 2505 1371 2566 delectat
1414 2518 1548 2565 actu
1592 2518 1653 2565 et
1677 2506 1988 2567 stilo.1n
2012 2507 2124 2569 hac
2141 2508 2350 2588 primm

376 2614 567 2684 partes
613 2613 767 2675 sunt,
810 2612 878 2661 ut
922 2600 1151 2680 quidam
1193 2612 1419 2681 putant,
1469 2603 1754 2674 Demeoe·
1789 2613 1858 2663 ut
1894 2604 2147 2683 quidam,
2190 2605 2347 2685 Syri.

377 2700 549 2769 Quod
570 2699 620 2758 si
642 2710 752 2770 est,
779 2707 845 2757 ut
867 2697 1077 2778 primas
1097 2697 1279 2777 Syrus
1296 2698 1544 2760 habeat:
1586 2699 1860 2760 secundae
1888 2702 2133 2762 Demeoe
2133 2711 2368 2783 erunt,⁸

374 2798 558 2859 terties
588 2793 884 2864 Micionis,
914 2804 976 2853 et
1000 2794 1086 2855 sic
1113 2793 1408 2874 deinceps.
1492 2799 1840 2877 Quanquam
1866 2797 2041 2858 etiam
2068 2810 2223 2870 sunt,
2245 2799 2344 2879 qui

375 2903 598 2976 putent,
643 2891 855 2971 primas
894 2889 1136 2949 Micioni
1185 2890 1430 2969 dandas,
1465 2893 1750 2953 secundas
1785 2893 1952 2973 Syre,
1995 2894 2194 2956 tertias
2222 2894 2346 2955 De-

372 3010 539 3054 meoe.
622 2988 777 3049 Nam
820 2986 978 3068 quod
1012 2986 1093 3046 ait
1120 2985 1441 3058 Terentius,
1488 2987 1649 3047 Senes
1668 2988 1761 3065 qui
1779 2988 1945 3064 primi
1968 2989 2196 3060 veniant,
2226 3009 2344 3049 non

372 3088 447 3152 ad
489 3097 688 3168 pmcn
722 3102 865 3165 quas
903 3081 1168 3153 dicimus,
1204 3083 1310 3142 sed
1337 3083 1414 3144 ad
1442 3084 1704 3144 ordinem
1730 3086 1983 3165 pertinet
2007 3085 2346 3145 exeuntium

374 3201 768 3270 personarum.
850 3180 1005 3240 Hoec
1045 3178 1240 3251 etism,
1286 3191 1351 3240 ut
1390 3192 1606 3242 caetera
1631 3181 2025 3257 hujuscemodi
2051 3191 2342 3261 poemata,

371 3281 626 3360 quinque
644 3289 808 3339 actus
825 3276 1041 3338 habeat
1066 3296 1309 3338 necesse
1336 3290 1444 3349 est,
1464 3278 1653 3339 choris
1670 3277 1880 3338 divisos
1899 3296 1935 3338 a
1956 3277 2183 3338 Graecis
2202 3297 2344 3358 poe-

371 3377 463 3440 tis.
546 3378 714 3443 Quos
731 3374 839 3434 etsi
862 3373 1150 3434 retinendi
1176 3392 1354 3434 causa
1367 3377 1489 3449 jam
1514 3373 1842 3434 inconditos
1858 3384 2219 3454 spectatores
2237 3376 2343 3436 mi-

375 3475 525 3536 nime
553 3472 914 3550 distinguunt
938 3469 1131 3530 Latini
1157 3470 1378 3541 comici,
1401 3481 1724 3530 metuentes
1741 3468 1968 3531 scilicet
1991 3490 2067 3531 ne
2083 3471 2211 3551 quis
2225 3471 2342 3533 fas·

378 3570 625 3631 tidiosus
650 3567 816 3627 finito
842 3577 999 3637 actu,
1020 3566 1179 3626 velut
1217 3565 1540 3649 admonitus
1568 3565 1837 3638 abeundi,
1866 3566 2106 3647 reliquae
2130 3587 2341 3628 comoe·

376 3667 487 3730 dim
525 3667 629 3726 fiat
671 3675 1017 3733 contemtor,
1060 3673 1123 3723 et
1160 3674 1389 3741 surgat:
1429 3674 1627 3723 tamen
1652 3682 1690 3722 a
1715 3661 1900 3723 doctis
1921 3663 2206 3724 veteribus
2227 3663 2340 3724 dis·

376 3762 521 3824 creti
541 3772 722 3841 atque
749 3759 1025 3839 disjuncti
1048 3770 1201 3831 sunt,
1251 3770 1318 3820 ιιι
1338 3779 1476 3819 mox
1504 3760 1821 3839 aperiemus
1848 3769 1979 3840 post
2015 3763 2341 3840 argumenti

375 3857 775 3920 narrationem.
852 3851 923 3914 In
949 3856 1060 3914 hac
1079 3854 1351 3934 prologus
1367 3855 1659 3933 aliquanto
1677 3855 1861 3917 lenior
1874 3856 2200 3917 inducitur:
2240 3857 2341 3936 qui

377 3955 556 4036 magia
575 3955 749 4014 etiam
776 3952 834 4012 in
858 3971 922 4013 se
943 3951 1268 4031 purgando,
1294 3971 1466 4031 quam
1491 3951 1549 4011 in
1576 3951 1913 4014 adversariis
1948 3953 2228 4015 laedendis
2250 3966 2339 4014 est

374 4061 711 4132 occupatus.
774 4049 1023 4109 Prota-eis
1049 4058 1138 4107 est
1154 4047 1508 4118 turbulenta,
1539 4049 1759 4124 epitasis
1776 4049 2043 4119 clamosa,
2073 4058 2337 4109 catastro-

367 4150 469 4228 phe
486 4147 650 4209 lenis.
733 4148 991 4211 Quarum
1027 4146 1270 4224 partium
1307 4143 1586 4203 rationem
1627 4144 1955 4224 diligentius
1980 4146 2040 4204 in
2058 4145 2337 4225 principio

368 4243 783 4326 proposuimus,
809 4261 985 4320 quum
1034 4242 1110 4301 de
1150 4239 1429 4300 comoedia
1453 4241 1720 4319 quaedam
1754 4240 2104 4302 diceremus.
2182 4242 2336 4303 Hoec

370 4360 516 4410 sene,
534 4353 673 4403 scta
699 4349 787 4401 est
814 4338 965 4398 ludis
992 4337 1239 4402 scenicis
1254 4338 1591 4400 funebribus
1618 4339 1689 4399 L.
1705 4338 1919 4398 AEmilii
1932 4338 2130 4400 Pauli:
2159 4358 2333 4418 agen·
