2917 4900
562 818 827 904 DES.
889 819 1463 910 ERASMUS
1545 822 2472 911 ROTERODAMUS

1223 1081 1352 1142 DE
1420 1081 1814 1144 METRIS.

1425 1329 1620 1362 *-

547 1528 859 1594 comm
891 1528 1091 1593 Latini
1120 1533 1364 1594 multam
1394 1533 1746 1597 libertatem
1755 1536 1865 1597 sibi
1899 1544 2251 1617 usurparunt
2285 1534 2350 1594 in
2379 1536 2559 1595 versi-

433 1636 592 1712 ·‚bus
618 1628 730 1698 'sed
756 1654 932 1698 nemo
961 1637 1181 1717 largiu-
1216 1638 1527 1701 Terentio.
1567 1641 1722 1702 adeo
1760 1652 1829 1701 ut
1865 1641 2027 1722 apud
2061 1640 2281 1721 priscos
2320 1661 2558 1722 quoque

456 1743 680 1804 fuerint
720 1743 819 1823 qui
854 1741 1261 1822 judicarent,
1244 1734 1307 1803 m'
1343 1745 1521 1825 huJ'us
1557 1746 1772 1806 fabulis
1809 1747 2029 1813 nnllam
2067 1767 2198 1808 esse
2239 1749 2559 1809 carminum

454 1849 671 1929 legem.
756 1849 882 1909 Sed
905 1850 1016 1910 hos
1042 1850 1165 1909 funi
1192 1849 1563 1909 manifestum
1590 1862 1703 1911 est.
1787 1849 2022 1911 Rursus
2043 1851 2285 1911 fuerunt
2310 1852 2412 1932 qui
2437 1873 2560 1914 non

456 1963 763 2034 negarunt,
792 1954 869 2014 ab
895 1954 1015 2015 hoe
1041 1954 1260 2015 servari
1286 1964 1602 2014 metrorum
1627 1955 1811 2035 leges,
1840 1954 1950 2014 sed
1981 1955 2057 2014 ob
2096 1955 2462 2017 immodicam
2486 1959 2558 2017 li-

422 2060 742 2121 -bertatem
779 2080 897 2119 non
926 2078 1057 2119 esse
1093 2077 1291 2139 operae
1310 2058 1564 2137 pretium
1593 2059 1855 2137 torqueri
1869 2059 2079 2120 doctos
2113 2059 2434 2122 carminum
2467 2063 2557 2123 di·

452 2166 773 2239 mensione,
800 2166 963 2246 quod
988 2175 1051 2227 et
1075 2183 1169 2228 res
1194 2165 1271 2225 sit
1306 2163 1570 2224 immensi
1596 2163 1832 2237 laboris,
1871 2183 1988 2224 nee
2009 2164 2098 2224 itu
2120 2167 2370 2227 multum
2405 2163 2556 2231 infe·

450 2283 544 2333 rat
563 2271 772 2353 frugis.
856 2273 946 2334 At
979 2290 1096 2352 ego
1112 2259 1201 2331 ¹ul)
1234 2279 1488 2349 utroque
1524 2288 1747 2349 genere
1773 2268 2071 2331 dissentio.
2097 2291 2235 2332 nam
2273 2284 2341 2333 ut
2373 2274 2559 2335 muni-

444 2378 656 2440 festius
691 2386 800 2454 est,
826 2398 1004 2459 quam
1031 2387 1098 2439 ut
1124 2386 1301 2456 egeat
1331 2375 1701 2457 probatione,
1743 2374 2006 2438 Terentii
2031 2377 2347 2440 comoedias
2372 2379 2554 2442 verei-

446 2488 561 2549 bus
589 2498 897 2549 constaret
938 2487 1021 2547 ita
1045 2483 1146 2566 qui
1166 2483 1582 2564 negligendam
1610 2493 1891 2563 putarunt
1905 2495 2227 2546 metrorum
2245 2487 2551 2563 rationem,

443 2591 787 2672 frequenter
825 2602 1017 2672 poetae
1053 2607 1384 2651 sermonem
1411 2599 1816 2669 corruperunt,
1846 2589 1988 2649 dum
2012 2589 2186 2651 aliam
2210 2610 2417 2652 vocem
2442 2614 2550 2672 pro

426 2695 566 2757 ulia
588 2696 921 2774 subjiciunt,
949 2695 1111 2778 quod
1149 2693 1390 2754 nimium
1420 2713 1581 2774 saepe
1621 2713 1734 2753 usu
1756 2694 1919 2755 venit
1955 2695 2176 2771 sta-ibis,
2211 2697 2275 2756 in
2294 2697 2552 2759 authori.

444 2803 558 2863 bus
582 2801 793 2862 solutes
818 2800 1089 2864 dictionis
1109 2821 1129 2862 ε
1168 2801 1311 2861 dum
1329 2800 1557 2861 addunt
1574 2809 1751 2883 etque
1773 2801 2053 2876 adimunt,
2079 2803 2223 2866 dum
2234 2806 2548 2867 verborum

443 2908 740 2969 invertunt
774 2907 1057 2968 ordinem.
1139 2905 1423 2966 Nonnihil
1461 2905 1641 2967 etiam
1679 2907 1774 2968 hic
1808 2919 2138 2989 peccarunt
2175 2909 2404 2984 eruditi,
2446 2911 2546 2992 qui

422 3016 585 3077 -dum
611 3014 875 3076 cai-minu
900 3029 1125 3094 genera
1147 3012 1517 3093 distinguunt
1540 3031 1614 3074 ac
1640 3012 2040 3089 dimetiuntur,
2082 3036 2290 3097 parum
2316 3017 2543 3090 attenti,

441 3121 860 3199 interfecerunt
883 3121 1068 3180 verbu
1089 3119 1383 3199 quaedam,
1406 3130 1476 3178 ιιι
1501 3119 1820 3199 explerent.
1835 3138 2042 3181 versus
2056 3120 2299 3196 hiatum,
2324 3133 2429 3184 aut
2452 3142 2547 3183 re-

424 3237 764 3289 secuerunt
790 3226 952 3307 quod
968 3226 1280 3286 videbatur
1299 3244 1630 3305 superesse.
1709 3225 1962 3286 Videtur
1980 3236 2179 3286 nutem
2197 3227 2391 3288 studio
2417 3228 2544 3289 fac-

441 3344 569 3393 tum
612 3353 651 3397 a
690 3331 994 3404 Terentio,
1036 3340 1105 3391 ιιι
1147 3329 1508 3392 dissimulato
1552 3328 1810 3391 carmine
1846 3348 2022 3411 quam
2059 3329 2328 3410 proxime
2367 3350 2546 3414 ncce-

443 3440 614 3500 deret
654 3439 736 3500 ad
780 3438 1107 3499 orationem
1148 3437 1402 3498 solutam
1418 3459 1441 3498 ι
1498 3436 1662 3516 quod
1698 3436 1858 3496 idem
1897 3434 2114 3497 affecte
2144 3455 2276 3497 esse
2313 3435 2544 3497 videtur

422 3544 731 3607 ‚Hor-etius
754 3544 817 3604 in
845 3543 1223 3606 Semonibus
1247 3557 1311 3606 et
1337 3542 1633 3625 Epistolis.
1667 3545 1674 3552 ’
1714 3541 1880 3603 Hinc
1904 3552 2072 3603 tanta
2094 3542 2157 3601 in
2181 3542 2543 3604 dimetiendo

443 3648 771 3722 difficultas,
817 3660 886 3710 ut
926 3648 1254 3712 existimem
1290 3649 1484 3732 ipsum
1525 3648 1847 3723 Donatum,
1894 3658 2004 3708 aut
2041 3648 2389 3722 Cornutum,
2433 3658 2541 3709 ιιιιι

424 3758 761 3837 Asperum,
802 3756 852 3818 si
876 3757 1159 3832 viverent,
1192 3758 1256 3818 in
1283 3756 1431 3819 locis
1471 3755 1694 3838 aliquot
1726 3755 1824 3817 vel
1855 3755 2136 3827 haesuros,
2167 3754 2264 3815 vel
2292 3754 2448 3816 inter
2471 3775 2542 3817 se

424 3863 822 3925 dissensuros.
866 3863 1162 3926 Proinde
1189 3883 1298 3926 nos
1323 3861 1769 3944 quatriduanam
1793 3862 2047 3943 opellam
2078 3860 2442 3941 sumpsimus,
2473 3870 2541 3922 ut

436 3970 891 4032 adolescentulis
939 3971 1191 4053 aliquam
1241 3971 1412 4048 hujus
1453 3967 1804 4031 difficultatis
1845 3977 2076 4049 partem
2123 3965 2537 4040 adimeremus,

437 4093 556 4136 non
580 4075 857 4157 quidem
840 4097 901 4137 ιιι
925 4097 1125 4142 omnes
1148 4076 1395 4149 fabulas,
1423 4076 1620 4137 sedin
1638 4094 1817 4137 unam
1841 4084 2151 4156 perpetuo,
2172 4082 2236 4132 et
2270 4073 2334 4132 in
2359 4083 2540 4134 σειο-

436 4180 517 4242 ris
547 4182 825 4264 carptim:
867 4203 984 4265 quo
1012 4203 1127 4245 ceu
1150 4182 1253 4243 filo
1276 4181 1484 4263 adjuti,
1512 4200 1643 4243 sese
1668 4180 1896 4242 facilius
1923 4198 1960 4239 e
1986 4176 2217 4240 coeteris
2243 4176 2538 4258 explicent

437 4287 803 4375 labyrinthis.
887 4292 1179 4357 Constant
1203 4301 1404 4355 sutem
1428 4288 1603 4367 hujus
1629 4288 1845 4353 fabulae
1870 4286 1961 4352 his
2000 4285 2186 4350 ferme
2217 4293 2535 4348 metrorum
