2917 4900
420 371 536 431 ex*
926 368 1056 433 DE
1122 366 1506 437 MBTRIS
1563 364 2014 431 commls,

426 561 527 611 tus
554 547 729 609 simul
752 546 881 609 fiat.
908 546 1033 610 vid.
1061 547 1214 609 Eun.
1242 546 1332 608 11.
1359 549 1447 610 11.
1473 554 1576 612 24.
1602 561 1666 612 et
1693 548 1815 613 111.
1834 549 1919 614 V.
1943 552 2045 611 44.
2115 545 2187 607 ln
2223 544 2336 608 hac
2371 541 2550 617 denis-

429 674 550 737 que
580 674 857 723 versuum
894 654 1180 717 varietate
1219 654 1419 721 Latini
1456 654 1651 731 secuti
1688 665 1829 719 sunt
1855 654 2126 729 Grecos,
2170 652 2374 717 Graeci
2397 671 2550 715 vero

429 774 720 835 naturam,
749 762 843 823 cui
870 783 1100 844 semper
1127 773 1303 844 grata
1328 774 1422 824 est
1444 761 1811 824 vicissitudo.

436 912 451 923 .
513 869 697 936 Quod
721 869 800 930 ad
824 868 1071 931 alteram
1100 867 1511 949 quaestionem,
1555 889 1668 931 cur
1695 868 2057 930 diversorum
2096 885 2384 948 generum
2407 884 2550 927 ver-

431 992 532 1037 sus
557 972 876 1039 Terentius
904 973 1173 1047 misceat,
1200 984 1264 1037 et
1289 993 1450 1037 nunc
1471 976 1777 1037 trimetrum
1801 976 2158 1048 tetrmetn's,
2187 994 2342 1034 nunc
2368 980 2553 1034 tetra·-

429 1089 660 1139 nctrum
685 1080 954 1141 trimetri-5
979 1078 1213 1152 inserat,
1241 1098 1398 1140 nune
1437 1080 1502 1140 in
1542 1080 1784 1142 diversis
1827 1090 2271 1142 teir-metrorum
2316 1078 2558 1161 generi·-

430 1185 540 1249 bus
568 1182 731 1249 idem
758 1184 975 1255 faciat3
1013 1185 1127 1247 hoc
1168 1203 1405 1265 quoque
1449 1185 1671 1247 factum
1715 1184 1964 1246 arbitror
2009 1186 2087 1245 ob
2129 1185 2372 1246 easdem
2411 1184 2553 1246 fere

428 1309 657 1363 causas,
680 1302 757 1351 .et
782 1301 849 1350 ut
892 1289 953 1349 in
992 1289 1406 1370 prolixioribus
1435 1291 1645 1355 scoenis
1673 1289 1996 1355 dormitans
2035 1290 2225 1351 lector
2252 1280 2332 1351 a'd
2370 1294 2554 1360 aurea,

423 1396 759 1475 arrigendae
785 1395 1111 1467 excitetur3
1151 1397 1259 1458 sed
1285 1416 1520 1477 semper
1560 1397 1887 1459 commodis
1914 1397 1978 1457 in
2001 1396 2172 1468 locis,
2217 1407 2280 1457 et
2306 1395 2408 1457 ubi
2435 1414 2544 1456 res

428 1501 559 1581 ipsa
589 1500 946 1562 mutationes
974 1501 1257 1578 ejusmodi
1298 1502 1394 1561 vel
1419 1503 1670 1563 suadere
1707 1504 1803 1563 vel
1845 1503 1968 1584 pati
2006 1502 2218 1564 saltem
2252 1502 2553 1565 videatur.

433 1608 581 1675 Duo
603 1628 747 1669 vero
774 1628 1015 1689 genera,
1046 1608 1206 1688 quod
1236 1618 1410 1671 antea
1428 1608 1651 1682 monui,
1674 1619 1795 1669 tam
1822 1627 2032 1688 parum
2050 1607 2203 1669 inter
2221 1627 2287 1671 se
2308 1600 2555 1681 distant,

435 1724 503 1785 ut
543 1732 746 1773 eorum
790 1713 1031 1773 mistura
1072 1711 1284 1773 merito
1326 1713 1490 1774 nulla
1515 1713 1742 1776 censeri
1769 1690 2014 1789 debeat,
2050 1714 2380 1775 trochaicam
2408 1713 2556 1775 dico

435 1828 481 1883 t..
500 1840 551 1878 c.
581 1819 966 1897 etjambicum.
988 1828 1033 1879 t.
1062 1829 1207 1878 acue.
1239 1839 1377 1880 cum
1403 1820 1529 1879 sola
1547 1820 1696 1882 inter
1723 1840 1926 1882 versus
1947 1840 2052 1881 eos
2090 1819 2418 1891 differentia
2442 1819 2548 1895 sit,

366 1934 369 1935 ’
437 1925 601 2006 quod
628 1925 877 1986 alterum
902 1927 979 1986 ab
1017 1923 1184 1987 initio
1223 1925 1375 1985 alter
1413 1945 1532 1986 una
1557 1926 1783 2007 syllaba
1808 1927 1904 1988 vel
1929 1926 2231 2007 semipede
2271 1925 2555 1993 excedat.

438 2031 649 2112 Atque
676 2029 806 2090 haec
843 2030 919 2091 de
949 2031 1239 2091 trochaicis
1266 2038 1324 2090 et
1340 2032 1609 2110 jambicis
1651 2031 1965 2113 generibus
1992 2031 2153 2093 dicta
2176 2031 2312 2093 sint.
2394 2031 2555 2093 Sunt
2635 2017 2644 2025 ’

438 2157 580 2199 vero
600 2137 661 2196 in
685 2136 984 2213 veteribus
1025 2136 1263 2198 comicis
1290 2148 1508 2219 proeter
1550 2138 1700 2214 haec,
1742 2139 2018 2221 exempla
2057 2139 2330 2220 quaedam
2372 2158 2558 2220 gene-

438 2243 519 2302 ris
566 2244 745 2304 etiam
787 2243 1054 2324 paeonici,
1100 2262 1304 2304 versus
1345 2242 1575 2307 scilicet
1620 2245 1925 2307 bacchiaci
1972 2256 2037 2307 et
2086 2244 2326 2317 cretici:
2392 2264 2552 2325 quos

440 2350 600 2430 apud
641 2351 914 2415 Plautum
952 2370 1171 2430 magno
1197 2371 1444 2412 numero
1474 2364 1536 2414 et
1560 2353 1624 2413 in
1651 2353 1808 2414 omni
1851 2351 1981 2413 fere
2022 2351 2226 2417 fabula
2261 2350 2554 2425 invenias,

439 2457 637 2522 sedin
662 2457 943 2520 Terentio
983 2470 1106 2520 tam
1146 2459 1323 2540 pauci
1364 2470 1524 2532 sunt,
1566 2469 1633 2520 ut
1657 2479 1735 2519 ne
1761 2458 1861 2519 uni
1900 2457 2135 2539 quidem
2177 2457 2409 2538 paginae
2441 2457 2557 2517 im-

440 2563 675 2644 plendae
695 2564 1022 2626 sufficiant:
1052 2566 1129 2626 de
1157 2565 1366 2645 quibus
1394 2565 1473 2625 ad
1500 2565 1634 2626 loca
1655 2584 1766 2626 sua
1789 2564 1930 2628 satis
1956 2563 2099 2637 dixi,
2127 2574 2195 2623 ut
2219 2563 2291 2623 iis
2316 2563 2413 2625 hic
2439 2562 2553 2623 im-

439 2670 653 2742 morari
677 2670 1373 2751 plane'supervacaneum
1400 2669 1497 2731 sit.

521 2775 718 2854 Pergo
743 2776 922 2855 igitur
947 2776 1026 2837 ad
1053 2759 1297 2838 alteram
1324 2775 1499 2852 hujus
1524 2775 1774 2838 instituti
1796 2786 2046 2858 partem,
2092 2794 2338 2855 eamque
2370 2774 2555 2854 longe

443 2881 853 2957 difficillimam,
884 2884 961 2945 de
989 2884 1227 2944 licentiis
1259 2882 1478 2958 dicere,
1510 2882 1724 2962 qm’bus
1760 2890 1988 2943 veteres
2025 2880 2238 2941 comici
2273 2880 2364 2940 usi
2389 2891 2553 2954 sunt,

443 3007 763 3069 earumque
807 2989 1017 3050 modos
1066 2999 1128 3050 et
1174 2989 1433 3050 rationes
1471 3007 1789 3069 exponere.
1867 2987 1943 3050 In
1968 2986 2180 3067 quibus
2216 2984 2554 3065 intelligen-

444 3096 537 3157 dis
578 3116 716 3158 cum
757 3096 1017 3158 viderem
1056 3116 1154 3156 me
1195 3116 1404 3177 parum
1444 3094 1711 3174 adjutum
1749 3113 1789 3153 a
1827 3092 1913 3153 rei
1952 3091 2217 3185 metricoe
2256 3091 2556 3174 scriptori·

442 3202 571 3276 bus,
603 3224 850 3285 quorum
873 3214 1163 3266 tractatus
1198 3203 1314 3265 hac
1349 3203 1410 3263 in
1437 3212 1608 3283 parte
1631 3210 1772 3261 sunt
1797 3217 1978 3278 supra
2005 3217 2182 3279 quarn
2210 3197 2327 3258 dici
2352 3208 2558 3279 potest

443 3310 673 3376 steriles
693 3322 756 3370 et
770 3310 981 3389 jejuni,
1001 3328 1138 3370 cum
1164 3329 1371 3382 eorum
1415 3327 1590 3368 nemo
1615 3306 1674 3366 in
1701 3324 1827 3380 rem
1861 3289 2035 3365 altius
2074 3303 2418 3386 penetrarit,
2448 3314 2556 3364 aut

441 3414 755 3495 quicquam
795 3417 967 3477 solidi
1009 3415 1335 3488 tradiderit,r
1374 3425 1593 3496 praeter
1638 3409 1905 3491 vulgaria
1929 3410 2033 3471 illa
2071 3428 2207 3491 quae
2249 3407 2310 3467 in
2363 3407 2553 3470 triviis

443 3531 587 3582 nota
624 3532 798 3594 sunt;
852 3522 1095 3583 decrevi
1139 3532 1280 3582 ante
1318 3520 1516 3582 omnia
1562 3517 1902 3578 licentiarum
1945 3534 2150 3577 causas
2185 3527 2249 3580 et
2290 3515 2552 3597 origines

445 3638 724 3708 quantum
746 3628 911 3709 potui
937 3627 1313 3708 investigare,
1344 3637 1407 3687 et
1433 3625 1545 3684 nisi
1564 3622 1872 3705 plurimum
1899 3622 2093 3697 fallor,
2121 3641 2392 3705 quoenam
2417 3620 2553 3682 fue-

441 3733 573 3806 tint,
603 3753 721 3794 non
744 3736 988 3800 obscure
1002 3732 1396 3815 deprehendi.

458 3905 465 3914 ‚
524 3840 601 3901 In
627 3841 822 3923 primis
858 3841 1042 3922 igitur
1097 3841 1400 3903 sciendum
1444 3848 1536 3899 est
1574 3836 1821 3897 licentias
1869 3835 2244 3908 comicorum,
2276 3834 2438 3916 quod
2475 3834 2556 3898 ad

443 3958 671 4028 partem
699 3967 897 4008 earum
927 3948 1106 4028 longe
1133 3947 1470 4018 maximam,
1496 3943 1667 4005 unius
1696 3963 1828 4004 esse
1847 3944 2102 4024 generis,
2131 3953 2194 4004 et
2210 3941 2273 4003 in
2299 3943 2361 4003 id
2389 3941 2553 4015 ferri,

444 4065 513 4120 ut
551 4054 896 4134 popularem
938 4053 1353 4135 pronuntiandi
1391 4049 1876 4113 consuetudinem
1906 4060 2351 4130 repraesentent.
2396 4048 2556 4110 Cum

444 4158 600 4226 enim
639 4161 928 4221 comoedia
974 4160 1035 4221 in
1079 4180 1153 4221 eo
1201 4170 1326 4220 tota
1373 4157 1446 4218 sit
1489 4170 1555 4219 ut
1598 4177 1741 4220 vera
1766 4158 1905 4218 vitea
1931 4158 2205 4220 humanae
2230 4157 2308 4218 sit
2333 4156 2555 4236 imago,

444 4283 563 4325 non
609 4265 750 4327 satis
801 4278 927 4327 erat
970 4285 1071 4327 eas
1098 4264 1206 4327 sibi
1235 4266 1510 4328 materias
1560 4285 1816 4342 sumere,
1843 4264 2406 4358 quoelequotidiana
2429 4264 2555 4330 vita
